@string{   ai = "Artificial Intelligence"}
@string{ aml  = "Annals of Mathematical Logic"}
@string{ amlg = "Archiv f{\"u}r Mathematische Logic und Grundlagenforschung"}
@string{ apal = "Annals of Pure and Applied Logic"}
@string{   bp = "Bibliopolis"}
@string{  bsl = "The Bulletin of Symbolic Logic"}
@string{ csli = "Center for the Study of Language and Information"}
@string{  cup = "Cambridge University Press"}
@string{eatcs = "EATCS Monographs on Theoretical Computer Science"}
@string{   el = "Elsevier"}
@string{entcs = "Electronic Notes in Theoretical Computer Science"}
@string{   ic = "Information and Computation"}
@string{   ja = "Journal of Algebra"}
@String{jar =    "J. of Automated Reasoning"}
@string{ jacm = "Journal of the ACM"}
@string{ jair = "Journal of Artificial Intelligence Research"}
@string{jigpl = "Journal of the IGPL"}
@string{  jlc = "Journal of Logic and Computation"}
@string{  jlp = "Journal of Logic Programming"}
@string{  jfp = "J.\ of Functional Programming"}
@string{jfram = "Journal f{\"u}r die reine und angewandte Mathematik"}
@string{  jsl = "The Journal of Symbolic Logic"}
@string{  jpl = "Journal of Philosophical Logic"}
@string{ jpaa = "J.\ of Pure and Applied Algebra"}
@string{  jsc = "Journal of Symbolic Computation"}
@string{kluwer = "Kluwer Acad.\ Publ."}
@string{ lmcs = "Logical Methods in Computer Science"}
@string{ lncs = "Lecture Notes in Computer Science"}
@string{ lnai = "Lecture Notes in Artificial Intelligence"}
@string{  man = "Mathematische Annalen"}
@string{   mi = "Machine Intelligence"}
@string{  mit = "The MIT Press"}
@string{ mscs = "Math.\ Structures in Comp.\ Science"}
@string{   nh = "North-Holland Publishing Co."}
@string{  ngc = "New Generation Computing"}
@string{  oup = "Oxford University Press"}
@string{   ph = "Prentice Hall"}
@string{  scp = "Science of Computer Programming"}
@string{ srii = "SRI International"}
@string{   svv = "Springer-Verlag"}
@string{   sv = "Springer"}
@string{  tcs = "Theoretical Computer Science"}
@string{  tac = "Theory and Applications of Categories"}
@string{ tocl = "ACM Transactions on Computational Logic"}
@string{  usp = "Uni\-ver\-si\-t{\`a} de\-gli Stu\-di di Pi\-sa"}
@string{  unisaar = "Universit{\"a}t des Saarlandes"}
@string{  tud = "Tech\-ni\-sche Uni\-ver\-si\-t{\"a}t Dres\-den"}

%% AAAAAAAAAAAAA

@article{abramsky:jagadeesan:94,
   author =  {Samson Abramsky and Radha Jagadeesan},
   title =   {Games and Full Completeness for Multiplicative Linear Logic},
   journal = {Journal of Symbolic Logic},
   volume =  59,
   number =  2,
   pages =   {543--574},
   year =    1994,
}
%   month =   Jun,

@article{abrusci:91,
   author =  {Vito Michele Abrusci},
   title =   {Phase Semantics and Sequent Calculus for pure Non-Commutative 
   Classical Linear Logic},
   year =    1991,
   journal = {Journal of Symbolic Logic},
   volume =  56,
   number =  4,
   pages =   {1403--1451},
   month =   Dec,
}

@article{abrusci:ruet:00,
   author =  {Vito Michele Abrusci and Paul Ruet},
   title =   {Non-Commutative Logic {I}: {T}he Multiplicative Fragment},
   year =    2000,
   Journal =    apal,
   volume = 101,
   pages = {29--64},
}



@inproceedings{acc:str:18,
  author    = {Matteo Acclavio and
               Lutz Stra{\ss}burger},
  title     = {From Syntactic Proofs to Combinatorial Proofs},
  booktitle = {Automated Reasoning - 9th International Joint Conference, {IJCAR}
               2018, Held as Part of the Federated Logic Conference, FloC 2018, Oxford,
               UK, July 14-17, 2018, Proceedings},
  pages     = {481--497},
  year      = {2018},
  editor    = {Didier Galmiche and
               Stephan Schulz and
               Roberto Sebastiani},
  volume    = {10900},
  publisher = {Springer},
}

@inproceedings{acc:str:relevant,
  author    = {Matteo Acclavio and
               Lutz Stra{\ss}burger},
  title     = {On Combinatorial Proofs for Logics of Relevance and Entailment},
  booktitle = {26th Workshop on Logic, Language, Information and Computation (WoLLIC 2019)},
  year=2019,
  editor={Rosalie Iemhoff and Michael Moortgat},
  publisher={Springer},
  }
  
@unpublished{acc:str:modal,
  author    = {Matteo Acclavio and
               Lutz Stra{\ss}burger},
  title     = {On Combinatorial Proofs for Modal Logics},
year=2019,
note={In preparation}
}


@article{ackermann:28,
author="Wilhelm Ackermann",
title="Zum {H}ilbertschen {A}ufbau der reellen {Z}ahlen",
journal=man,
volume=99,
year=1928,
pages="118-133"
}

@inproceedings{accattoli:kesner:12,
  author    = {Beniamino Accattoli and
               Delia Kesner},
  title     = {The Permutative {\(\lambda\)}-Calculus},
  booktitle = {Logic for Programming, Artificial Intelligence, and Reasoning - 18th
               International Conference, LPAR-18, M{\'{e}}rida, Venezuela, March
               11-15, 2012. Proceedings},
  pages     = {23--36},
  year      = {2012},
  editor    = {Nikolaj Bj{\o}rner and
               Andrei Voronkov},
  series    = {Lecture Notes in Computer Science},
  volume    = {7180},
  publisher = {Springer},
}

@article{agostino:tableaux-truth,
author= "Marcello D'Agostino",
title="Are tableaux an improvement on truth-tables?",
journal="Journal of Logic, Language and Information", 
volume=1,
pages="235--252",
year= 1992,
}

@book{anderson:belnap:75,
author = "Alan Ross Anderson and Nuel D.~{Belnap, Jr.}",
title="Entailment, the Logic of Relvance and Necessity, Volume 1",
year=1975,
publisher="Princeton University Press"
}

@inproceedings{alechina:etal:01,
  author    = {Natasha Alechina and
               Michael Mendler and
               Valeria de Paiva and
               Eike Ritter},
  title     = {Categorical and {K}ripke Semantics for Constructive {S4} Modal
               Logic},
  booktitle = {CSL'01},
  editor    = {Laurent Fribourg},
  year      = {2001},
  pages     = {292--307},
  publisher = {Springer},
  series    = {Lecture Notes in Computer Science},
  volume    = {2142},
}

@article{andreoli:92,
   author =  {Andreoli, Jean-Marc},
   title =   {Logic Programming with Focusing Proofs in Linear Logic},
   year =    1992,
   journal = jlc,
   volume =  2,
   number =  3,
   pages =   {297--347},
}

@article{andreoli:01,
   author =  {Andreoli, Jean-Marc},
   title =   {Focussing and proof construction},
   year =    2001,
   journal = apal,
   volume =  107,
   pages =   {131--163},
}

@article{andrews:76,
   author =  {Peter B. Andrews},
   title =   {Refutations by Matings},
   year =    1976,
   journal = "IEEE Transactions on Computers",
  volume    = {C-25},
  number    = {8},
   pages =   {801--807},
}



@article{arai:96,
  author    = {Noriko H. Arai},
  title     = {Tractability of Cut-Free Gentzen Type Propositional Calculus with
               Permutation Inference},
  journal   = {Theor. Comput. Sci.},
  year      = {1996},
  volume    = {170},
  number    = {1-2},
  pages     = {129--144},
}

@article{arisaka:das:str:lmcs15,
	author = {Arisaka, Ryuta and Das, Anupam and Stra{\ss}burger, Lutz},
	title = {On Nested Sequents for Constructive Modal Logic},
	journal = {LMCS},
	year = {2015},
	volume = {11},
	number = {3:7},
}

@article{arnold:dauchet:82,
author="A. Arnold and M. Dauchet",
title="Morphisms et bimorphisms d'arbres",
journal=tcs,
volume=20,
year=1982,
pages="33--93",
}

@article{asl:15,
author="ASL",
title={2015 {N}orth {A}merican {A}nnual {M}eeting of the {A}ssociation for {S}ymbolic {L}ogic},
journal=bsl,
year=2015,
volume=21,
number=3,
}
%% BBBBBBBBBBBBB

@book{baader:nipkow:traat,
author="Franz Baader and Tobias Nipkow",
title ="Term Rewriting and All That",
year=1998,
publisher=cup
}

@inproceedings{baaz:etal:CERES,
  author    = {Matthias Baaz and
               Stefan Hetzl and
               Alexander Leitsch and
               Clemens Richter and
               Hendrik Spohr},
  title     = {Proof Transformation by {CERES}},
  booktitle = {MKM'06},
  year      = {2006},
  pages     = {82--93},
publisher = sv,
series="LNCS",
  volume    = {4108},
}

@article{baaz:leitsch:06,
  author    = {Matthias Baaz and
               Alexander Leitsch},
  title     = {Towards a clausal analysis of cut-elimination},
  journal   = {J. Symb. Comput.},
  volume    = {41},
  number    = {3--4},
  year      = {2006},
  pages     = {381--410},
}

@article{baaz:etal:furstenberg,
author = "Matthias Baaz and Stefan Hetzl and Alexander Leitsch and Clemens Richter and Hendrik Spohr",
title = "CERES: An analysis of {F}{\"u}rstenberg's proof of the infinity of primes",
journal = "Theoretical Computer Science",
volume = "403",
number = "2",
pages = "160--175",
year = "2008",
}

@Article{abella,
  author =       "David Baelde and Kaustuv Chaudhuri and Andrew Gacek
                 and Dale Miller and Gopalan Nadathur and Alwen Tiu and
                 Yuting Wang",
  title =        "Abella: {A} System for Reasoning about Relational
                 Specifications",
  journal =      "Journal of Formalized Reasoning",
  year =         "2014",
  volume =       "7",
  number =       "2",
  doi =          "10.6092/issn.1972-5787/4650",
  URL =          "http://jfr.unibo.it/article/download/4650/4137",
  lixcategorie = "RI",
  lixequipe =    "Parsifal",
  x-pays =       "US,SG",
  x-international-audience = "yes",
  x-editorial-board = "yes",
  x-scientific-popularization = "yes",
}


@article{baez:dolan:98,
author="John Carlos Baez and James Dolan",
title="Higher-dimensional algebra 3: $n$-categories and the algebra of opetopes",
journal="Advances in Mathematics",
volume=135,
number=2,
year=1998,
pages="145--206",
}

@incollection{baez:dolan:fin-feyn,
author="John Carlos Baez and James Dolan",
title="From finite sets to Feynman diagrams",
booktitle="Mathematics Unlimited - 2001 and Beyond",
editor="Bj{\"o}rn Engquist and Wilfried Schmid",
year=2001,
pages="29--50",
publisher=sv,
}

@Book{baier:08:book,
  title =        "Principles of model checking",
  author =       "Christel Baier and Joost-Pieter Katoen",
  publisher =    "MIT Press",
  year =         "2008",
}

@inproceedings{balat:dicosmo:99,
author="Vincent Balat and Roberto Di Cosmo",
title="A linear logical view of linear type isomorphisms",
booktitle="Computer Science Logic, CSL 1999",
   publisher =   sv,
   volume =      1683,
   pages =       {250--265},
   series =      {LNCS},
year=1999,
}

@book{barr:79,
author="Michael Barr",
title ="*-Autonomous Categories",
year=1979,
series="Lecture Notes in Mathematics",
volume=752,
publisher=sv
}

@article{barr:91,
author="Michael Barr",
title ="*-Autonomous categories and linear logic",
year=1991,
journal=mscs,
volume=1,
pages="159--178"
}

@article{barr:95,
    author =  {Michael Barr},
    title =   {Non-symmetric *-automomous Categories},
    journal = tcs,
    year =    1995,
    volume = 139,
    pages = {115--130},
}

@book{barr:wells:99,
author = "Michael Barr and Charles Wells",
title = "Category Theory for Computing Science",
year= 1999,
publisher = "Les Publications CRM, Montr\'eal",
edition = "third"
}

@UNPUBLISHED{baelde:07:cade,
author = {David Baelde and Andrew Gacek and Dale Miller and
Gopalan Nadathur and Alwen Tiu},
TITLE = {The {Bedwyr} system for model checking over
syntactic expressions},
NOTE = {To appear in CADE-21},
YEAR = 2007,
URL = {http://www.lix.polytechnique.fr/Labo/Dale.Miller/papers/cade2007.pdf}
}

@InProceedings{baelde:07:lpar,
  author =       "David Baelde and Dale Miller",
  title =        "Least and greatest fixed points in linear logic",
  booktitle =    "International Conference on Logic for Programming and
                 Automated Reasoning (LPAR)",
  editor =       "N. Dershowitz and A. Voronkov",
  pages =        "92--106",
  series =       lncs,
  volume =       "4790",
  year =         "2007",
  keywords =     "mobius, wp4",
  URL = "http://www.lix.polytechnique.fr/Labo/Dale.Miller/papers/lpar07final.pdf",
  lixcategorie = "CIA",
  lixequipe =    "Parsifal",
}

@inproceedings{bechet:etal:97,
author="Denis Bechet and Philippe de Groote and Christian 
Retor{\'e}",
title="A complete axiomatisation of the inclusion of 
series-parallel partial orders",
editor="H. Common",
booktitle="Rewriting Techniques and Applications, RTA 1997",
year=1997,
pages="230--240",
volume    = {1232},
publisher=sv,
series =  {LNCS},
}

@InCollection{bellin:wiele:subnets,
  author =       {Gianluigi Bellin and Jacques van de Wiele},
  title =        {Subnets of Proof-nets in {MLL$^-$}},
  booktitle =    {Advances in Linear Logic},
  pages =        {249--270},
  publisher = {Cambridge University Press},
  year =         {1995},
  editor =       {J.-Y.~Girard and Y.~Lafont and L.~Regnier},
  volume =       {222},
  series =       {London Mathematical Society Lecture Notes},
}

@Article{belnap:82,
  author = 	"Nuel D. Belna{p, Jr.}",
  title = 	"Display Logic",
  journal = 	jpl,
  year = 	1982,
  volume = 	11,
  pages = 	"375--417",
}

@article{belnap:wallace:65,
author= "Nuel D. Belnap Jr. and John R. Wallace",
title="A Decision Procedure for the System $E_{\bar I}$ of Entailmengt with Negation",
journal="Zeitschrift f{\"u}r Mathematische Logic und Grundlagen der Mathematik",
year=1965,
volume=11,
pages = "277--289",
}

@inproceedings{benton:wadler:96,
author = "Nick Benton and Philip Wadler",
title = "Linear logic, monads, and the lambda calculus",
booktitle="11'th IEEE Symposium on Logic in Computer Science",
year = 1996
}

@book{berstel:79,
author = "Jean Berstel",
title = "Transductions and Context-Free Languages",
publisher = "B.G. Teubner Stuttgart",
year = 1979,
series = {Leitf\"{a}den der angewandten Mathematik und Mechanik LAMM},
number = 38
}

@book{bertot:casteran:04,
author = "Yves Bertot and Pierre Caster{\'e}ran",
title = "Interactive Theorem Proving and Program Development
{C}oq'{A}rt: The Calculus of Inductive Constructions",
year = 2004,
series="Texts in Theoretical Computer Science. An EATCS Series",
publisher = sv
}


%institution="University of Bordeaux (LABRI) 
%and INRIA Sophia Antipolis",
%note = "Draft of book available at 
%http://www-sop.inria.fr/lemme/Yves.Bertot/coqart.html"
%}

@Article{beziau:etal:01,
author="Jean-Yves B\'eziau and Renata Pereira de Freitas and Jorge Petrucio Viana",
title="What is Classical Propositional Logic? ({A} Study in Universal Logic)", 
journal="Logical Studies",
volume=7, 
year=2001
}



@Article{bibel:81,
  author = 	"Wolfgang Bibel",
  title = 	"On Matrices with Connections",
  journal = 	jacm,
  year = 	"1981",
  volume = 	"28",
  pages = 	"633-645",
  OPTnote = 	"XI"
}

@article{bierman:paiva:00,
  author    = {Gavin M. Bierman and
               Valeria de Paiva},
  title     = {On an Intuitionistic Modal Logic},
  journal   = {Studia Logica},
  volume    = {65},
  number    = {3},
  year      = {2000},
  pages     = {383--416},
}

@Article{bibel:86,
  author = 	"Wolfgang Bibel",
  title = 	"A Deductive Solution for Plan Generation",
  journal = 	"New Generation Computing",
  year = 	"1986",
  volume = 	"4",
  pages = 	"115-132"}

@article{bimbo:dunn:13,
  author    = {Katalin Bimb{\'{o}} and
               J. Michael Dunn},
  title     = {On the decidability of implicational ticket entailment},
  journal   = {J. Symb. Log.},
  volume    = {78},
  number    = {1},
  pages     = {214--236},
  year      = {2013},
  doi       = {10.2178/jsl.7801150},
}

@article{bimbo:15,
  author    = {Katalin Bimb{\'{o}}},
  title     = {The decidability of the intensional fragment of classical linear logic},
  journal   = {Theor. Comput. Sci.},
  volume    = {597},
  pages     = {1--17},
  year      = {2015},
}

@book{bird:demoor:97,
author = "Richard Bird and Oege de Moor",
title = "Algebra of Programming",
publisher = "Prentice Hall Europe",
year = "1997"
}

@Article{blackburn:00,
  author = 	 {Patrick Blackburn},
  title = 	 {Internalizing labelled deduction},
  journal = 	 {Journal of Logic and Computation},
  year = 	 2000,
  volume =	 10,
  number =	 1,
  pages =	 {137--168},
}

@inproceedings{blackburn:tencate:02,
	author = {Blackburn, Patrick and ten Cate, Balder},
	title = {Beyond pure axioms: node creating rules in hybrid tableaux},
	booktitle = {Proceedings of the 4th Workshop on Hybrid Logics},
	year = {2002}
}


@Article{blass:92,
  author = 	"Andreas Blass",
  title = 	"A game semantics for linear logic",
  journal = 	apal,
  year = 	1992,
  volume = 	56,
  pages = 	"183--220"
}

@Article{blass:96,
  author = 	"Andreas Blass",
  title = 	"Some semantical aspects of linear logic",
  journal = 	jigpl,
  year = 	1996,
  volume = 	5,
  number=       4,
  pages = 	"487--503"
}

@book{bloom:esik:93,
author={S. L. Bloom and Z. {\'E}sik},
title={Iteration Theories},
publisher=sv,
year=1993,
}

@Article{blute:93, 
  author = 	"Richard Blute", 
  title = 	"Linear Logic, Coherence and Dinaturality", 
  journal = 	tcs,
  year = 	1993,
  volume = 	115,
  pages = 	"3--41"
}

@Article{blute:etal:96, 
  author = 	"Richard Blute and Robin Cockett and 
Robert Seely and Todd Trimble",
  title = 	"Natural Deduction and Coherence for 
Weakly Distributive Categories", 
  journal = 	jpaa,
  year = 	1996,
  volume = 	113,
number = "3",
  pages = 	"229--296"
}

@Article{BCST, 
  author = 	"Richard Blute and Robin Cockett and 
Robert Seely and Todd Trimble",
  title = 	"Natural Deduction and Coherence for 
Weakly Distributive Categories", 
  journal = 	jpaa,
  year = 	1996,
  volume = 	113,
  pages = 	"229--296"
}

@article{blute:etal:02,
    author =  {Richard Blute and Fran\c{c}ois Lamarche and Paul Ruet},
    title =   {Entropic Hopf Algebras and Models of Non-Commutative Linear
    Logic},
    journal = {Theory and Applications of Categories},
    year =   2002 ,
    volume = 10,
    pages =  {0--36}
}

@article{blute:etal:03,
author={Richard Blute and Ivan Ivanov and Prakash Panangaden},
title={Discrete quantum causal dynamics},
journal={International Journal of Theoretical Phsysics},
volume=42,
pages={2025--2041},
year=2003,
}

@inproceedings{blute:etal:trends6,
author={Richard Blute and Prakash Panangaden and Lutz Stra{\ss}burger},
title="The Logic {BV} and Quantum Causality",
year=2008,
booktitle="Trends in Logic {VI}: {L}ogic and the foundations of physics: space, time and quanta"
}

@unpublished{blute:etal:ACS,
author={Richard Blute and Prakash Panangaden and Sergey Slavnov},
title="Deep inference and probablistic coherence spaces",
year=2009,
note="Submitted",
}

@inproceedings{boespflug:etal:12,
    address = {Manchester, {UK}},
    author = {Boespflug, Mathieu and Carbonneaux, Quentin and Hermant, Olivier},
    booktitle = {Proceedings of the Second International Workshop on Proof Exchange for Theorem Proving},
    pages = {28--43},
    series = {{CEUR} Workshop Proceedings},
    title = {The {lambda-Pi}-calculus Modulo as a Universal Proof Language},
    url = {http://ceur-ws.org/Vol-878/paper2.pdf},
    volume = {878},
    year = {2012}
}

@inproceedings{bojanczyk:07,
  author    = {Mikolaj Boja\'nczyk},
  title     = {Forest Expressions},
  booktitle = {CSL'07},
  year      = {2007},
  pages     = {146-160},
publisher = sv,
series=lncs,
  volume    = {4646},
}

@article{bolander:brauner:06,
  author    = {Thomas Bolander and
               Torben Bra{\"u}ner},
  title     = {Tableau-based Decision Procedures for Hybrid Logic.},
  journal   = jlc,
  volume    = {16},
  number    = {6},
  year      = {2006},
  pages     = {737--763},
  url        = {http://dx.doi.org/10.1093/logcom/exl008},
}



@inproceedings{bonet:galesi:97,
  author    = {Maria Luisa Bonet and
               Nicola Galesi},
  title     = {Linear Lower Bounds and Simulations in Frege Systems with Substitutions},
  booktitle = {{CSL}'97},
  year      = {1997},
  pages     = {115--128},
  editor    = {Mogens Nielsen and
               Wolfgang Thomas},
  series    = {LNCS},
  volume    = {1414},
  publisher = {Springer},
}

@Article{boolos:dont,
  author = {George Boolos},
  title = {Don't eliminate cut},
  journal = {Journal of Philosophical Logic},
  year = {1984},
  volume = {13},
  pages = {373--378},
}


@Article{bossi:etal:94,
  author = 	"Annalisa Bossi and Maurizio Gabbrielli and Giorgio Levi
  and Maurizio Martelli",
  title = 	"The s-Semantics Approach: Theory and Applications",
  journal = 	jlp,
  year = 	1994,
  volume = 	"19/20",
  pages = 	"149--197"
}


@misc{brauner:96,
author={Torben Bra{\"u}ner},
title={Introduction to Linear Logic},
year=1996,
note={BRICS Lecture Series, Number LS-96-6}
}

@book{broda:etal:04,
	author = {Broda, Krysia and Gabbay, Dov M. and Lamb, Luis C. and Russo, Alessandra},
	title = {Compiled labelled deductive systems: a uniform presentation of non-classical logics},
	year = 2004,
	publisher = {Kings College London}
}

@article{brouwer:24,
author="Luitzen Egbertus Jan Brouwer",
title="{\"U}ber die {B}edeutung des {S}atzes vom ausgeschlossenen {D}ritten in der {M}athematik, insbesondere in der {F}unktionentheorie",
journal=jfram,
volume=154,
number=1,
year=1924,
pages="1--7"
}

@article{debruijn,
author="Nicolaas Govert de Bruijn",
title="Lambda-Calculus Notation with Nameless Dummies, a Tool for Automatic Formula Manipulation",
journal="Indag.\ Math.",
volume=34,
pages={381--392},
year=1972,
}

@article{brunnler:studer:12,
	title = {Syntactic cut-elimination for a fragment of the modal mu-calculus},
	journal = {Annals of Pure and Applied Logic},
	volume = {163},
	number = {12},
	year = {2012},
	pages = {1838-1853},
	author = {Kai Br{\"u}nnler and Thomas Studer}
}

@inproceedings{bru:str:tableaux09,
  author    = {Kai Br{\"u}nnler and
               Lutz Stra{\ss}burger},
  title     = {Modular Sequent Systems for Modal Logic},
  year      = {2009},
  pages     = {152--166},
  ee        = {http://dx.doi.org/10.1007/978-3-642-02716-1_12},
  editor    = {Martin Giese and
               Arild Waaler},
  booktitle = {Automated Reasoning with Analytic Tableaux and Related Methods,
               TABLEAUX'09},
  publisher = {Springer},
  series    = lncs,
  volume    = {5607},
}

@article{brunnler:deepseq,
  title = "Deep Sequent Systems for Modal Logic",
  journal = "Archive for Mathematical Logic",
  volume = "48",
  number = "6",
  pages = "551--577",
  year = "2009",
  author = "Kai Br{\"u}nnler",
}

@article{brunnler:06:locality,
	Author = {Br{\"u}nnler, Kai},
	Journal = {Notre Dame Journal of Formal Logic},
	url={http://www.iam.unibe.ch/~kai/Papers/LocalityClassical.pdf},
	Number = {4},
	Pages = {557--580},
	Title = {Locality for Classical Logic},
	Volume = {47},
	Year = 2006}
}

@inproceedings{brunnler:06:ce,
	Author = {Br{\"u}nnler, Kai},
	Booktitle = {Computability in Europe 2006},
	Editor = {Beckmann, Arnold and Berger, Ulrich and L{\"o}we, Benedikt and Tucker, John V.},
	url={http://www.iam.unibe.ch/~kai/Papers/n.pdf},
	Pages = {65--74},
	Publisher = {Springer-Verlag},
	Series = {Lecture Notes in Computer Science},
	Title = {Deep Inference and Its Normal Form of Derivations},
	Volume = {3988},
	Year = {2006}}

@Article{brunnler:06:herbrand, 
author = {Kai Br{\"u}nnler}, 
title = {Cut Elimination inside a Deep Inference System for Classical Predicate Logic}, 
year = 2006, 
number = 1, 
journal = {Studia Logica}, 
volume = 82, 
pages = "51--71"
}

@inproceedings{brunnler:tiu:01,
   author =      {Br{\"u}nnler, Kai and Tiu, Alwen Fernanto},
   title =       {A Local System for Classical Logic},
   year =        2001,
   booktitle =   {LPAR 2001},
   publisher =   sv,
   volume =      2250,
   pages =       {347--361},
   editor =      {R. Nieuwenhuis and A. Voronkov},
   series =      {LNAI}
}


@article{brunnler:03:contraction,
	Author = {Br{\"u}nnler, Kai},
	Journal = {Logic Journal of the {IGPL}},
	Keywords = {deep inference},
	url={http://www.iam.unibe.ch/~kai/Papers/RestContr.pdf},
	Number = 5,
	Pages = {525--529},
	Title = {Two Restrictions on Contraction},
	Volume = 11,
	Year = 2003}

@inProceedings{brunnler:03:atomic,
   author =    {Br{\"u}nnler, Kai},
   title =     {Atomic Cut Elimination for Classical Logic},
   year =      2003,
   booktitle = {CSL 2003},
   publisher = {Springer-Verlag},
   volume =    2803,
   pages =     {86--97},
   editor =    {M. Baaz and J. A. Makowsky},
   series =    {Lecture Notes in Computer Science}
}

@unpublished{brunnler:03:KB1,
author="Kai Br{\"u}nnler",
title="Minimal Logic in the Calculus of Structures",
year=2003,
note="note"
}

%note="Note." On the web at: 
%http://www.ki.inf.tu-dresden.de/\~{ }kai/minimal.html"
%}

@phdthesis{brunnler:phd,
   author =      {Kai Br{\"u}nnler},
   title =       {Deep Inference and Symmetry for Classical Proofs},
   school = tud,
   year =        2003
}

@phdthesis{brunnler:habil,
   author =      {Kai Br{\"u}nnler},
   title =       {Nested Sequents},
   type={Habilitationsschrift},
   school = {Universit{\"a}t Bern},
   year =        2010
}

%techReport{brunnler:guglielmi:03,
%   author =      {Br\"unnler, Kai and Guglielmi, Alessio},
%   title =       {A Finitary System for First Order Logic},
%   institution = tud,
%   year =        2003,
%   number =      {WV-03-09},
%   note =        {Accepted at \emph{First Order Logic 75}}
%}

@article{brunnler:lange:08,
  author    = {Kai Br{\"{u}}nnler and
               Martin Lange},
  title     = {Cut-free sequent systems for temporal logic},
  journal   = {J. Log. Algebr. Program.},
  volume    = {76},
  number    = {2},
  pages     = {216--225},
  year      = {2008},
}

@inCollection{brunnler:guglielmi:04,
   author =    {Br{\"u}nnler, Kai and Guglielmi, Alessio},
   title =     {A First Order System with Finite Choice of Premises},
   booktitle = {First-Order Logic Revisited},
   publisher = {Logos Verlag},
   editor =    {Vincent Hendricks and Fabian Neuhaus and Stig Andur Pedersen
                and Uwe Scheffler and Heinrich Wansing},
   year =      2004,
   pages =     {59--74},
   city =      {Berlin},
}

@misc{brunnler:prooftypes,
author="Br{\"u}nnler, Kai",
title="Proofs Are Types",
year=2004,
month="December",
note="On the web at: http://www.iam.unibe.ch/\~{ }kai/Current/prty.pdf",
}

@inProceedings{brunnler:lengrand:SD05,
author="Kai Br{\"u}nnler and St\'{e}phane Lengrand",
title="On two forms of bureaucracy in derivations",
year=2005,
booktitle ="Structures and Deduction 2005 (Satellite Workshop of ICALP'05)",
editor = "Paola Bruscoli and Fran\c{c}ois Lamarche",
}

@inProceedings{bruscoli:02,
   author =      {Paola Bruscoli},
   title =       {A Purely Logical Account of Sequentiality in Proof Search},
   editor = {Peter J. Stuckey},
   booktitle = {Logic Programming, 18th International Conference},
   year =        2002,
   publisher = {Springer-Verlag},
   series = {Lecture Notes in Artificial Intelligence},
   volume = 2401,
   pages = {302--316},
}
 %  note =        {On the web at:
 %  http://www.ki.inf.tu-dresden.de/\~{ }paola/bvl/bvl.pdf}

@inProceedings{bru:gug:PC-DI:PCC,
   author =      {Paola Bruscoli and Alessio Guglielmi},
   title =       {On the proof complexity of deep inference},
   booktitle = {Proof, Computation, Complexity (PCC 2007)},
   year =        2007,
}

@article{bru:gug:PC-DI,
        Author = {Bruscoli, Paola and Guglielmi, Alessio},
        Journal = {ACM Transactions on Computational Logic},
        Note = {Article 14},
        Number = {2},
        Pages = {1--34},
        Title = {On the Proof Complexity of Deep Inference},
        Volume = {10},
        Year = {2009},
}
%url={http://cs.bath.ac.uk/ag/p/PrComplDI.pdf},

@inproceedings{BGGP:quasipol,
author={Paola Bruscoli and Alessio Guglielmi and Tom Gundersen and Michel Parigot},
title="A Quasipolynomial Cut-Elimination Procedure in Deep Inference
via Atomic Flows and Threshold Formulae",
booktitle={LPAR-16},
publisher=svv,
series="LNCS",
volume= 6355, 
pages="136--153",
year=2010,
}

@article{BGGP:qp-lmcs,
        Author = {Paola Bruscoli and Alessio Guglielmi and Tom Gundersen and Michel Parigot},
        Journal = {Logical Methods in Computer Science},
        Number = {(1:5)},
        Pages = {1--30},
        Title = {A Quasipolynomial Normalisation in Deep Inference
via Atomic Flows and Threshold Formulae},
        Volume = {12},
        Year = {2016},
}

@article{buchi:60,
author="J. R. B{\"u}chi",
title="Weak Second-order Arithmetic and Finite Automata",
journal="Zeitschrift f{\"u}r Mathematische Logik und Grundlagen 
der Mathematik",
volume=6,
year=1960,
pages="66--92"
}
%number=1,

@InProceedings{burel:07:cut,
  author =       {Guillaume Burel and Claude Kirchner},
  title = {Cut Elimination in Deduction Modulo by Abstract Completion},
  pages =        {115--131},
  year =         {2007},
  booktitle =    {LFCS'07},
  editor =       {Sergei N. Artemov and Anil Nerode},
  volume =       {4514},
  series =       lncs,
  publisher =    sv,
}

@inproceedings{burel:08,
  author    = {Guillaume Burel},
  title     = {A First-Order Representation of Pure Type Systems Using
               Superdeduction},
  booktitle = {LICS},
  pages     = {253-263},
  editor    = {Frank Pfenning},
  publisher = {IEEE Computer Society},
  year      = {2008},
  isbn      = {978-0-7695-3183-0},
}

@InProceedings{burel:07:csl,
  author =       {Guillaume Burel},
  title =        {Unbounded Proof-Length Speed-up in Deduction Modulo},
  booktitle =    {CSL'07},
  year =         {2007},
  editor =       {Jacques Duparc and Thomas Henziger},
  series =       lncs,
  volume =       {4646},
  publisher =    sv,
  pages =        {496--511}
}

@inproceedings{burroni:wordproblem,
 author = {Burroni, Albert},
 title = {Higher Dimensional Word Problem},
 booktitle = {Proceedings of the 4th International Conference on Category Theory and Computer Science},
 year = {1991},
 isbn = {3-540-54495-X},
 pages = {94--105},
 address = {London, UK},
 }

@article{burroni:93,
author="Albert Burroni",
title="Higher-dimensional word problems with applications to equational logic",
journal=tcs,
volume=115,
number=1,
year=1993,
pages="43--62",
}

@inproceedings{burrows:authentication,
  author    = {Michael Burrows and
               Mart\'{\i}n Abadi and
               Roger M. Needham},
  title     = {A Logic of Authentication},
  booktitle = {SOSP},
  year      = {1989},
  pages     = {1-13},
  ee        = {http://doi.acm.org/10.1145/74850.74852},
  bibsource = {DBLP, http://dblp.uni-trier.de}
}

@article{buss:87,
  author    = {Samuel R. Buss},
  title     = {Polynomial Size Proofs of the Propositional Pigeonhole Principle.},
  journal   = jsl,
  volume    = {52},
  number    = {4},
  year      = {1987},
  pages     = {916-927},
}


@article{buss:91,
author="Samuel R. Buss",
title="The undecidability of $k$-provability",
journal=apal,
volume=53,
number    = {1},
year=1991,
pages="72--102",
}

@inproceedings{buss:godelII,
author="Samuel R. Buss",
title="On {G}{\"o}del's theorems on lengths of proofs {II}: 
Lower bounds for recognizing k symbol provability",
booktitle="Feasible Mathematics II",
editor ="P.~Clote and J.~Remmel",
year=1995,
pages="57--90",
}

@article{buss:godelI,
author="Samuel R. Buss",
title="On {G}{\"o}del's theorems on lengths of proofs {I}: 
Number of Lines and Speedup for Arithmetics",
  journal   = jsl,
  volume    = {59},
  number    = {3},
  year      = {1994},
  pages     = {737--756},
}


@incollection{buss:98,
author="Samuel R. Buss",
title="An Introduction to Proof Theory",
booktitle="Handbook of Proof Theory",
editor="Samuel R. Buss",
year=1998,
publisher=el,
}
%chapter=1,

%% CCCCCCCCCCCCC

@inproceedings{caleiro:goncalves:05:unilog,
author = "Carlos Caleiro and Ricardo Gon\c{c}alves",
title ="Equipollent Logical Systems",
   booktitle =   {Logica Universalis},
   publisher =   {Birkh\"auser},
   pages =       {99--111},
   editor =      {Jean-Yves Beziau},
year = 2005,
}


@article{cantor:77,
author="Georg Cantor",
title="Ein {B}eitrag zur {M}annigfaltigkeitslehre",
journal=jfram,
volume=84,
year=1877,
pages="242--258",
}

@article{cantor:95,
author="Georg Cantor",
title="Beitr{\"a}ge zur {B}egr{\"u}ndung der transfiniten {M}engenlehre",
journal=man,
volume=46,
year=1895,
pages="481--512",
}

@article{cantor:97,
author="Georg Cantor",
title="Beitr{\"a}ge zur {B}egr{\"u}ndung der transfiniten {M}engenlehre (zweiter {A}rtikel)",
journal=man,
volume=49,
year=1897,
pages="207--246",
}

@article{carbone:97,
author="Alessandra Carbone",
title="Interpolants, cut elimination and flow graphs for the propositional calculus",
journal=apal,
volume=83,
year=1997,
pages="249--299",
}

@article{carbone:99,
  author    = {Alessandra Carbone},
  title     = {Turning Cycles into Spirals},
  journal   = {Ann. Pure Appl. Logic},
  volume    = {96},
  number    = {1-3},
  pages     = {57--73},
  year      = {1999},
}

@article{celani:01,
author="Sergio Celani",
title="Remarks on Intuitionistic Modal Logics",
journal="Divulgaciones Matem\'{e}ticas",
volume=9,
number=2,
year=2001,
pages="137--147"
}

@InProceedings{cerrito:90,
author = {Serenella Cerrito},
title = "A Linear Semantics for Allowed Logic Programs",
booktitle = "Proceedings of the Fifth Annual IEEE Symposium on Logic in Computer Science (LICS90)",
year = 	1990,
}

@article{chapman:87,
author = {David Chapman},
title = {Planning for Conjunctive Goals},
journal = {Artificial Intelligence},
year = 1987,
volume = 32,
pages = {333--377}
}

@inproceedings{CGS:foccos,
  author    = {Kaustuv Chaudhuri and
               Nicolas Guenot and
               Lutz Stra{\ss}burger},
  title     = {The Focused Calculus of Structures},
  booktitle = {CSL'11},
  year      = {2011},
  pages     = {159--173},
  editor    = {Marc Bezem},
  publisher = {Schloss Dagstuhl -- Leibniz-Zentrum fuer Informatik},
  series    = {LIPIcs},
  volume    = {12},
}

@InProceedings{chaudhuri:13:itp,
  author =       "Kaustuv Chaudhuri",
  title =        "Subformula Linking as an Interaction Method",
  booktitle =    "Proceedings of the 4th Conference on Interactive
                 Theorem Proving (ITP)",
  year =         "2013",
  month =        jul,
  editor =       "Sandrine Blazy and Christine Paulin-Mohring and David
                 Pichardie",
  series =       lncs,
  volume =       "7998",
  pages =        "386--401",
publisher="Springer",
}

@InProceedings{chaudhuri:14:CLS-LICS,
  author =       "Kaustuv Chaudhuri and Nicolas Guenot",
  title =        "Equality and Fixpoints in the Calculus of Structures",
  doi =          "10.1145/2603088.2603140",
  URL =          "http://chaudhuri.info/papers/csllics14eqfix.pdf",
  booktitle =    "Proceedings of the Twenty-Third EACSL Annual
                 Conference on Computer Science Logic ({CSL}) and the
                 Twenty-Ninth Annual {ACM/IEEE} Symposium on Logic in
                 Computer Science ({LICS})",
  year =         "2014",
  editor =       "Tom Henzinger and Dale Miller",
  lixcategorie = "CIA",
  lixequipe =    "Parsifal",
  x-pays =       "DK",
  x-editorial-board = "yes",
  x-proceedings = "yes",
  x-international-audience = "yes",
}

@InProceedings{chaudhuri:14:linearity,
  author =       "Kaustuv Chaudhuri",
  title =        "Undecidability of Multiplicative Subexponential
                 Logic",
  booktitle =    "3rd International Workshop on Linearity (LINEARITY)",
  year =         "2014",
  editor =       "Sandra Alves and Iliano Cervesato",
  month =        jul,
  address =      "Vienna, Austria",
  volume =       "176",
  series =       {{EPTCS}},
  pages =        "1--8",
}

@InProceedings{cha:mar:str:fossacs16,
  author =       "Kaustuv Chaudhuri and Sonia Marin and Lutz
                 Stra{\ss}burger",
  title =        "Focused and Synthetic Nested Sequents",
  booktitle =    "Proceedings of the 19th International Conference on
                 Foundations of Software Science and Computation
                 Structures (FoSSaCS)",
  year =         "2016",
  editor =       "Bart Jacobs and Christof L{\"o}ding",
}



@InProceedings{cha:mar:str:fscd16,
  author    = {Kaustuv Chaudhuri and
               Sonia Marin and
               Lutz Stra{\ss}burger},
  title     = {Modular Focused Proof Systems for Intuitionistic Modal Logics},
  booktitle = {1st International Conference on Formal Structures for Computation
               and Deduction, {FSCD} 2016, June 22-26, 2016, Porto, Portugal},
  pages     = {16:1--16:18},
  year      = {2016},
  editor    = {Delia Kesner and
               Brigitte Pientka},
  series    = {LIPIcs},
  volume    = {52},
  publisher = {Schloss Dagstuhl - Leibniz-Zentrum fuer Informatik},
}

@Misc{Profound,
  title =        "Profound: a linking-based interactive prover",
  note =         "Available at:
                 \url{http://chaudhuri.info/software/profound/}",
  year =         "2013",
  author =       "Kaustuv Chaudhuri",
  lixequipe =    "Parsifal",
  lixcategorie = "SW",
}

@phdthesis{chirimar:95,
author="Jawahar Lal Chirimar",
title="Proof Theoretic Approach to Specification Languages",
school="University of Pennsylvania",
year=1995,
}

@Misc{chu:79,
  author = 	 "Chu, P.-H.",
  title = 	 "Constructing *-autonomous categories",
  note = 	 {Appendix to {\cite{barr:79}}},
year = 1979,
}

@article{church:40,
author = {Alonso Church},
title = {A Formalism of the Simple Theory of Types},
journal = jsl,
year = 1940,
volume = 5,
pages = {56--68}
}

@article{ciabattoni:leitsch:08,
  author    = {Agata Ciabattoni and
               Alexander Leitsch},
  title     = {Towards an algorithmic construction of cut-elimination procedures},
  journal   = mscs,
  volume    = {18},
  number    = {1},
  year      = {2008},
  pages     = {81--105},
}

@inproceedings{CST:csl09,
  author    = {Agata Ciabattoni and
               Lutz Stra{\ss}burger and
               Kazushige Terui},
  title     = {Expanding the Realm of Systematic Proof Theory},
  year      = {2009},
  pages     = {163--178},
  ee        = {http://dx.doi.org/10.1007/978-3-642-04027-6_14},
  editor    = {Erich Gr{\"a}del and
               Reinhard Kahle},
  booktitle = {Computer Science Logic, CSL'09}, 
  publisher = {Springer},
  series    = {Lecture Notes in Computer Science},
  volume    = {5771},
}

@inproceedings{CGT:lics08,
  author    = {Agata Ciabattoni and
               Nikolaos Galatos and
               Kazushige Terui},
  title     = {From Axioms to Analytic Rules in Nonclassical Logics},
  booktitle = {LICS},
  year      = {2008},
  pages     = {229--240},
}

@inproceedings{CR:wollic13,
  author    = {Agata Ciabattoni and
               Revantha Ramanayake},
  title     = {Structural Extensions of Display Calculi: A General Recipe},
  booktitle = {Logic, Language, Information, and Computation -- WoLLIC 2013},
  year      = {2013},
  pages     = {81--95},
  editor    = {Leonid Libkin and
               Ulrich Kohlenbach and
               Ruy J. G. B. de Queiroz},
  publisher = {Springer},
  series    = {Lecture Notes in Computer Science},
  volume    = {8071},
}

@Book{clarke:99:book,
  author =       "Edmund M. Clarke and Orna Grumberg and Doron A.
                 Peled",
  title =        "Model Checking",
  publisher =    "The {MIT} Press",
  year =         "1999",
  address =      "Cambridge, Massachusetts",
  ISBN =         "0-262-03270-8",
}



@inproceedings{clarke:08:bmc,
  author    = {Edmund M. Clarke},
  title     = {The Birth of Model Checking},
  booktitle = {25 Years of Model Checking - History, Achievements, Perspectives},
  pages     = {1--26},
  year      = {2008},
  editor    = {Orna Grumberg and
               Helmut Veith},
  series    = {Lecture Notes in Computer Science},
  volume    = {5000},
  publisher = {Springer},
}



@inproceedings{clarke:emerson:81,
  author    = {Edmund M. Clarke and
               E. Allen Emerson},
  title     = {Design and Synthesis of Synchronization Skeletons Using Branching-Time
               Temporal Logic},
  booktitle = {Logics of Programs, Workshop, Yorktown Heights, New York, May 1981},
  pages     = {52--71},
  year      = {1982},
  editor    = {Dexter Kozen},
  series    = {Lecture Notes in Computer Science},
  volume    = {131},
  publisher = {Springer},
}

@article{cockett:seely:97,
author = {J.R.B.~Cockett and R.A.G.~Seely},
title = {Weakly distributive categories},
journal = jpaa,
year = 1997,
volume = 114,
pages = {133--173}
}

@article{cockett:seely:97:mix,
author = {J.R.B.~Cockett and R.A.G.~Seely},
title = {Proof theory for full intuitionistic linear logic, 
bilinear logic, and mix categories},
journal = tac,
year = 1997,
volume = 3,
number=5,
pages = {85--131}
}

@unpublished{cockett:etal:04,
author = {Robin Cockett and Masahito Hasegawa and Robert Seely},
title = {Coherence of the Double Involution on *-Autonomous Categories},
note = "To appear in TAC",
year = 2004,
}

@inproceedings{cockett:santocanale:09,
  author    = {J. Robin B. Cockett and
               Luigi Santocanale},
  title     = {On the Word Problem for {$\Sigma\Pi$}-Categories, and the
               Properties of Two-Way Communication},
  booktitle = {Computer Science Logic, CSL'09},
  year      = {2009},
  pages     = {194--208},
  publisher = {Springer},
  series    = {Lecture Notes in Computer Science},
  volume    = {5771},
}

@Misc{tata:07,
  author = {H. Comon and M. Dauchet and R. Gilleron and  C. L\"oding
and F. Jacquemard
and D. Lugiez and S. Tison and M. Tommasi},
  title =	 {Tree Automata Techniques and Applications},
  url={http://www.grappa.univ-lille3.fr/tata},
  year =	 2007,
  note = {release October, 12th 2007},
}

@book{constable:etal:86,
author={R.~L.~Constable and S.~F.~Allen and H.~M.~Bromley and 
W.~R.~Cleaveland and J.~F.~Cremer and R.~W.~Harper and 
D.~J.~Howe and T.~B.~Knoblock and N.~P.~Mendler and 
P.~Panangaden and J.~T.~Sasaki and S.~F.~Smith},
title="Implementing Mathematics with the NuPrl Development System",
publisher=ph,
year=1986,
}

@article{coquand:95,
  author    = {Thierry Coquand},
  title     = {A Semantics of Evidence for Classical Arithmetic},
  journal   = jsl,
  volume    = {60},
  number    = {1},
  year      = {1995},
  pages     = {325-337},
  bibsource = {DBLP, http://dblp.uni-trier.de}
}

@article{coquand:huet:88,
  author    = {Thierry Coquand and
               G{\'e}rard P. Huet},
  title     = {The Calculus of Constructions},
  journal   = ic,
  volume    = {76},
  number    = {2/3},
  year      = {1988},
  pages     = {95-120},
}


@InProceedings{cook:71,
author = {Stephen A. Cook},
title = "The Complexity of Theorem-Proving Procedures",
booktitle = 	"Proceedings of the 3rd Annual {ACM} Symposium on
		 Theory of Computing",
year = 	"1971",
pages = "151--158"
}

@article{cook:reckhow:79,
author = {Stephen A. Cook and Robert A. Reckhow},
title = "The Relative Efficiency of Propositional Proof Systems",
journal=jsl,
volume=44,
number=1,
year = 	"1979",
pages = "36--50"
}

@inproceedings{cook:reckhow:74,
author = {Stephen A. Cook and Robert A. Reckhow},
title = "On the lengths of proofs in the propositional calculus (Preliminary Version)",
booktitle="Proceedings of the sixth annual ACM symposium on Theory of computing",
year = 	"1974",
pages = "135--148"
}

@article{corneil:etal:85,
  author    = {Derek G. Corneil and
               Yehoshua Perl and
               Lorna K. Stewart},
  title     = {A Linear Recognition Algorithm for Cographs},
  journal   = {{SIAM} J. Comput.},
  volume    = {14},
  number    = {4},
  pages     = {926--934},
  year      = {1985},
}

@incollection{courcelle:89,
author="Bruno Courcelle",
title="On recognizable sets and tree automata",
booktitle="Resolution of equations in algebraic structures",
editor="M. Nivat and H. Ait-Kaci",
publisher="Academic Press", 
year="1989", 
pages="93--126"
}


@article{craig:57,
author = {W. Craig},
title = {Linear reasoning: A new form of the {H}erbrand-{G}entzen theorem},
journal = jsl,
year = 1957,
volume = 22,
pages = {250--268}
}

@article{curien:86,
  author    = {Pierre{-}Louis Curien},
  title     = {Categorical Combinators},
  journal   = {Information and Control},
  volume    = {69},
  number    = {1-3},
  pages     = {188--254},
  year      = {1986},
  doi       = {10.1016/S0019-9958(86)80047-X},
}

@article{curien:explicit,
  author    = {Mart\'{\i}n Abadi and
               Luca Cardelli and
               Pierre-Louis Curien and
               Jean-Jacques L{\'e}vy},
  title     = {Explicit Substitutions},
  journal   = jfp,
  volume    = {1},
  number    = {4},
  year      = {1991},
  pages     = {375--416},
}

@inproceedings{curien:herbelin:00,
  author    = {Pierre-Louis Curien and
               Hugo Herbelin},
  title     = {The duality of computation},
  booktitle = {ICFP},
  year      = {2000},
  pages     = {233--243},
}

@article{curry:52,
author = {Haskell B. Curry},
title = {The Permutability of Rules in the Classical Inferential 
Calculus},
journal = jsl,
year = 1952,
volume = 17,
number = 4,
pages = {245--248}
}

@book{curry:feys:58,
author="Haskell B. Curry and R. Feys",
title="Combinatory Logic",
volume= 1,
publisher=nh,
city="Amsterdam",
year=1958
}


%% DDDDDDDDDDDDD

@phdthesis{danos:phd,
   author =  {Vincent Danos},
   school =  {Universit\'e Paris VII},
   title =   {La logique lin\'eaire appliqu\'ee \`a l'\'etude de divers processus de normalisation (principalement du $\lambda$-calcul)},
   type =    {Th\`ese de {D}octorat},
   year =    1990,
}


@Article{danos:etal:97,
   author =      {V.~Danos and J.-B.~Joinet and H.~Schellinx},
   title =       {A new Deconstructive Logic: Linear Logic},
   journal =     jsl,
   year =        {1997},
   volume =      {62},
   number =      {3},
   pages =       {755--807},
}

@Article{danos:regnier:89,
  author    = {Vincent Danos and
               Laurent Regnier},
  title     = {The structure of multiplicatives},
  journal   = {Arch. Math. Log.},
  volume    = {28},
  number    = {3},
  pages     = {181--203},
  year      = {1989},
}

@inproceedings{das:11,
  author    = {Anupam Das},
  title     = {On the Proof Complexity of Cut-Free Bounded Deep Inference},
  year      = {2011},
  pages     = {134--148},
  ee        = {http://dx.doi.org/10.1007/978-3-642-22119-4_12},
  editor    = {Kai Br{\"u}nnler and
               George Metcalfe},
  booktitle = {Automated Reasoning with Analytic Tableaux and Related Methods
               - 20th International Conference, TABLEAUX 2011},
  publisher = {Springer},
  series    = {LNCS},
  volume    = {6793},
}

@inproceedings{das:cie12,
	Author = {Das, Anupam},
	Booktitle = {Computability in Europe},
	Editor = {Cooper, S. Barry and Dawar, Anuj and L{\"o}we, Benedikt},
	Keywords = {deep inference},
	Pages = {139--150},
	Publisher = {Springer-Verlag},
	Series = {LNCS},
	Title = {Complexity of Deep Inference via Atomic Flows},
	Volume = {7318},
	Year = {2012},
}

@article{das:15:lmcs,
  author    = {Anupam Das},
  title     = {On the relative proof complexity of deep inference via atomic flows},
  journal   = {Logical Methods in Computer Science},
  volume    = {11},
  number    = {1},
  year      = {2015},
}

@inproceedings{das:RTA13,
	Author = {Das, Anupam},
	Booktitle = {24th International Conference on Rewriting Techniques and Applications (RTA)},
	Editor = {van Raamsdonk, Femke},
	Pages = {158--173},
	Publisher = {Schloss Dagstuhl--Leibniz-Zentrum f{\"u}r Informatik},
	Series = {Leibniz International Proceedings in Informatics (LIPIcs)},
	Title = {Rewriting with Linear Inferences in Propositional Logic},
	Volume = {21},
	Year = {2013},
}



@inproceedings{das:str:RTA15,
  author    = {Anupam Das and
               Lutz Stra{\ss}burger},
  title     = {No complete linear term rewriting system for propositional logic},
  booktitle = {26th International Conference on Rewriting Techniques and Applications,
               {RTA} 2015, June 29 to July 1, 2015, Warsaw, Poland},
  pages     = {127--142},
  year      = {2015},
  editor    = {Maribel Fern{\'{a}}ndez},
  series    = {LIPIcs},
  volume    = {36},
}

@article{das:str:LMCS16,
  author    = {Anupam Das and
               Lutz Stra{\ss}burger},
  title     = {On linear rewriting systems for Boolean logic and some applications
               to proof theory},
  journal   = {Logical Methods in Computer Science},
  volume    = {12},
  number    = {4},
  year      = {2016},
}

@Article{davis:putnam:60,
  author = "M. Davis and H. Putnam",
  title = "A Computing Procedure for Quantification Theory",
  journal = JACM,
  volume = "7",
  pages = "201--215",
  year = "1960"}



@inproceedings{dawson:gore:17,
  author    = {Jeremy E. Dawson and
               Rajeev Gor{\'{e}}},
  title     = {Issues in Machine-Checking the Decidability of Implicational Ticket
               Entailment},
  booktitle = {Automated Reasoning with Analytic Tableaux and Related Methods - 26th
               International Conference, {TABLEAUX} 2017, Bras{\'{\i}}lia, Brazil,
               September 25-28, 2017, Proceedings},
  pages     = {347--363},
  year      = {2017},
  editor    = {Renate A. Schmidt and
               Cl{\'{a}}udia Nalon},
  series    = {Lecture Notes in Computer Science},
  volume    = {10501},
  publisher = {Springer},
}

@Misc{dedukti:website,
  title =        "The {D}edukti system",
  year =         "2013",
  howpublished = "\url{http://dedukti.gforge.inria.fr/}",
  key =          "Dedukti",
}

@InProceedings{delande:miller:08,
  author =       "Olivier Delande and Dale Miller",
  title =        "A neutral approach to proof and refutation in {MALL}",
  booktitle =    "23th IEEE Symp.\ on Logic in Computer Science (LICS 2008)",
  year =         "2008",
  editor =       "F. Pfenning",
  publisher =    "IEEE Computer Society Press",
  pages =        "498--508",
}

@inproceedings{devarajan:etal:99,
author = "H. Devarajan and Dominic Hughes and Gordon Plotkin and Vaughan R. Pratt",
title = "Full Completeness of the Multiplicative Linear Logic of {C}hu Spaces",
booktitle="14th IEEE Symposium on Logic in Computer Science (LICS 1999)",
year = 1999
}


@inProceedings{digianantonio:04,
   author =    {Di Gianantonio, Pietro},
   title =     {Structures for Multiplicative Cyclic Linear Logic:
                {D}eepness Vs Cyclicity},
   booktitle =   {Computer Science Logic, CSL 2004},
   publisher =   sv,
   volume =      3210,
   editor =      {Jerzy Marcinkowski and Andrzej Tarlecki},
   series =      lncs,
   year =      2004,
   pages =     {130--144}
}

@book{dedekind:88,
author="Richard Dedekind",
title="Was sind und was sollen die Zahlen",
publisher="Druck und Verlag von Friedrich Vieweg und Sohn",
city="Braunschweig",
year=1888
}

@article{dosen:86,
author="Kosta Do{\v{s}}en",
title="Higher-level sequent-systems for intuitionistic modal logic",
journal="Publications de l'Institut Mathématique (N.S.)",
volume=39,
number=53,
year=1986,
pages="3--12"
}

@book{dosen:99,
author="Kosta Do{\v{s}}en",
title="Cut Elimination for Categories",
publisher="Kluwer Academic Publishers",
series="Trends in Logic",
volume=6,
year=1999
}

%%article{dosen:03,

@article{dosen:BSL,
author="Kosta Do{\v{s}}en",
title="Identity of proofs based on normalization and generality", 
journal=bsl,
volume=9,
pages="477--503",
year=2003
}

@article{dosen:petric:02,
author="Kosta Do{\v{s}}en and Zoran Petri{\'c}",
title="Bicartesian coherence", 
journal="Studia Logica",
volume=71,
pages="331--352",
year=2002
}

@book{dosen:petric:coherence-book,
author="Kosta Do{\v{s}}en and Zoran Petri{\'c}",
title="Proof-Theoretical Coherence", 
year=2004,
publisher="KCL Publ.",
address="London"
}

@unpublished{dosen:petric:05,
author="Kosta Do{\v{s}}en and Zoran Petri{\'c}",
title="Proof-Net Categories", 
year=2005,
note="preprint, Mathematical Institute, Belgrade"
}

@unpublished{dosen:petric:intermutation,
author="Kosta Do{\v{s}}en and Zoran Petri{\'c}",
title="Intermutation", 
year=2007,
note="preprint, Mathematical Institute, Belgrade"
}

@unpublished{dowd:85,
        Author = {Martin Dowd},
        Note = {Manuscript},
        Title = {Model-theoretic aspects of $\mathcal{P} \neq \mathcal{NP}$},
        Year = {1985}}

@TechReport{dowek:etal:coq,
  author =       "Gilles Dowek and Amy Felty and G\`erard Huet and Hugo
                 Herbelin and Chet Murthy and Catherine Parent and
                 Christine Paulin-Mohring and Benjamin Werner",
  title =        "The {C}oq proof assistant user's guide",
  institution =  "INRIA, Rocquencourt, France",
  year =         "1993",
}

@Article{dowek:etal:03,
  title =        "Theorem Proving Modulo",
  author =       "Gilles Dowek and Th{\'e}r{\`e}se Hardin and Claude
                 Kirchner",
  journal =      jar,
  number =       "1",
  volume =       "31",
  pages =        "31--72",
  publisher =    "Kluwer Academic Publishers",
  year =         "2003",
}

@Article{dowek:werner:03,
  author =       {Gilles Dowek and Benjamin Werner},
  title =        {Proof Normalization Modulo},
  journal =      jsl,
  year =         {2003},
  volume =       {68},
  number =       {4},
  pages =        {1289--1316},
}

@article{droste:gastin:99,
author = "Manfred Droste and Paul Gastin",
title = "The {K}leene--{S}ch{\"u}tzenberger theorem for formal power series 
in partially commuting variables",
journal = "Information and Computation",
volume = 153,
pages = "47--80",
year = 1999
}
%journal = "Inform. and Comp.",
%anfred

@article{droste:etal:05,
  author    = {Manfred Droste and
               Christian Pech and
               Heiko Vogler},
  title     = {A {Kleene} Theorem for Weighted Tree Automata},
  journal   = {Theory Comput. Syst.},
  volume    = {38},
  number    = {1},
  year      = {2005},
  pages     = {1--38},
}

@article{duffin:65,
author = "R.J Duffin",
title = "Topology of series-parallel networks",
journal = "Journal of Mathematical Analysis and Applications",
volume = "10",
number = "2",
pages = "303 - 318",
year = "1965",
}

@article{dunn:95,
author="J. Michael Dunn",
title="Positive Modal Logic",
journal="Studia Logica",
year=1995,
volume=55,
pages="301--317",
}

@article{dyckhoff:92,
  author    = {Roy Dyckhoff},
  title     = {Contraction-Free Sequent Calculi for Intuitionistic Logic},
  journal   = {J. Symb. Log.},
  volume    = {57},
  number    = {3},
  year      = {1992},
  pages     = {795--807},
}

@article{dyckhoff:lengrand:07,
  author =  {Roy Dyckhoff and {St\'ephane} Lengrand},
  title  =  {Call-by-Value {\(\lambda\)}-calculus and {\uppercase{\sf LJQ}}},
    editor = {Arnold Beckmann, Benedikt L\"owe and Dag Normann},
    journal = {Journal of Logic and Computation},
    publisher = {Oxford University Press},
    volume = 17,
    issue = 6,
    year = 2007,
    month = {December},
    pages = {1109--1134},
    note = {Logical Approaches to Computational Barriers: CiE'06}
}

%% EEEEEEEEEEEEE


@article{eder:85,
author = "Elmar Eder",
title = "Properties of Substitutions and Unifications",
journal = jsc,
volume = 1,
number = 1,
pages = {31--46},
year = 1985
}

@article{ewald:86,
author="W. B. Ewald",
title="Intuitionistic tense and modal logic",
journal=jsl,
volume=51,
year=1986,
}

@article{ehrhard:regnier:diffnets,
 author = {Ehrhard, T. and Regnier, L.},
 title = {Differential interaction nets},
 journal = {Theor. Comput. Sci.},
 volume = {364},
 number = {2},
 year = {2006},
 issn = {0304-3975},
 pages = {166--195},
 doi = {http://dx.doi.org/10.1016/j.tcs.2006.08.003},
 publisher = {Elsevier Science Publishers Ltd.},
 address = {Essex, UK},
 }

@techreport{eilenberg:67,
author="Samuel Eilenberg",
title="Alg{\`e}bre cate{\'e}gorique et th{\'e}orie des automates",
institution="Institut H. Poincar{\'e}, Universit{\'e} de Paris",
year=1967
}

@book{eilenberg:76,
author="Samuel Eilenberg",
title = "Automata, Languages And Machines",
volume = "B",
publisher = "Academic Press, New York, San Francisco, London",
year = 1976
}

@article{eilenberg:kelly:fun-cal,
author =    {Samuel Eilenberg and Gregory Maxwell Kelly},
title = "A generalization of the functorial calculus",
journal=ja,
volume=3,
number=3,
pages="366--375",
year=1966,
}

@inCollection{eilenberg:kelly:closed-cat,
   author =    {Samuel Eilenberg and Gregory Maxwell Kelly},
   title =     {Closed Categories},
   booktitle = {Proceedings of the {L}a {J}olla Conference in 
   Categorical Algebra},
   editor =    {Eilenberg, S. and Harrison, D.K. and MacLane, S. 
   and Roehrl, H.},
   publisher = {Springer},
   year =      1966,
   pages = {421--562},
}

@InProceedings{emerson:08:bmc,
  title =        "The Beginning of Model Checking: {A} Personal
                 Perspective",
  author =       "E. Allen Emerson",
  booktitle =    "25 Years of Model Checking - History, Achievements,
                 Perspectives",
  publisher =    "Springer",
  year =         "2008",
  volume =       "5000",
  editor =       "Orna Grumberg and Helmut Veith",
  ISBN =         "978-3-540-69849-4",
  pages =        "27--45",
  series =       "Lecture Notes in Computer Science",
  URL =          "http://dx.doi.org/10.1007/978-3-540-69850-0_2",
}

@incollection{emerson:90:handbook,
  author    = {E. Allen Emerson},
  title     = {Temporal and Modal Logic},
  booktitle = {Handbook of Theoretical Computer Science, Volume {B:} Formal Models
               and Sematics {(B)}},
editor= "Jan van Leeuwen",
publisher= "MIT Press Cambridge",
  pages     = {995--1072},
  year      = {1990},
}

@inproceedings{engberg:winskel:90,
author = "Uffe H. Engberg and Glynn Winskel",
title = "Petri nets as models of linear logic",
booktitle = "Proceedings of CAAP'90",
year = "1990",
   volume =      431,
   series =      lncs,
   publisher=sv
} 

@article{engelfriet:75,
author = "Joost Engelfriet",
title = "Bottom-up and Top-down Tree Transformations---A Comparison",
journal = "Mathematical Systems Theory",
volume = 9,
number = 3,
pages = {198--231},
year = 1975
}

@article{engelfriet:77,
author = "Joost Engelfriet",
title = "Top-down Tree Transducers with Regular Look-ahead",
journal = "Mathematical Systems Theory",
volume = 10,
pages = {289--303},
year = 1977
}

@inproceedings{esik:81,
  author    = {Zolt{\'a}n {\'E}sik},
  title     = {An Axiomatization of Regular Forests in the Language of
               Algebraic Theories with Iteration},
  booktitle = {FCT},
  year      = {1981},
  pages     = {130--136},
publisher=sv,
series=lncs,
volume=117,
}

@article{esik:weil:05,
  author    = {Zolt{\'a}n {\'E}sik and
               Pascal Weil},
  title     = {Algebraic recognizability of regular tree languages},
  journal   = tcs,
  volume    = 340,
  year      = {2005},
  pages ="291--321"
}

%% FFFFFFFFFFFFF

@article{feit:thompson:63,
author={? Feit and ? Thompson},
title="??",
journal="Pacific J. Math.",
volume= 13,
year=1963,
pages="775--1029",
}

@article{fischer-servi:84,
author="G. Fischer Servi",
title="Axiomatizations for some Intuitionistic Modal Logics",
journal="Rend.\ Sem.\ Mat.\ Univers.\ Politecn.\ Torino",
volume= 42,
number=3,
pages="179--194",
year=1984
}

@article{fitch:48,
author="Fitch, F.B.",
title="Intuitionistic modal logic with quantifiers",
journal="Portugaliae Mathematica",
volume= 7,
number=2,
pages="113--118",
year=1948,
}

@unpublished{fitting:nested-int,
author="Melvin Fitting",
title="Nested Sequents for Intuitionistic Logic",
year=2011,
note="preprint",
}

@unpublished{fitting:indexed,
author="Melvin Fitting",
title="Cut-Free Proof Systems for {G}each Formulas",
year=2014,
note="preprint",
}

@article{fitting:label-nested,
author="Melvin Fitting",
title="Prefixed tableaus and nested sequents",
year=2012,
journal=apal,
volume=163,
pages="291--313",
}

@article{fitting:kuznets:15,
  author    = {Melvin Fitting and
               Roman Kuznets},
  title     = {Modal interpolation via nested sequents},
  journal   = {Ann. Pure Appl. Logic},
  volume    = {166},
  number    = {3},
  pages     = {274--305},
  year      = {2015},
}

@article{flajolet:noy:99,
author={Philippe Flajolet and Marc Noy},
title={Analytic combinatorics of non-crossing configurations},
journal={Discrete Mathamatics},
year=1999,
volume=204,
pages={203--229},
}

@article{fleury:retore:94,
   author =  {Arnaud Fleury and Christian Retor\'e},
   title =   {The Mix Rule},
   journal = mscs,
   year =    1994,
   volume =  4,
   number =  2,
   pages =   {273--285}
}

@article{fraenkel:22,
author="Adolf Fraenkel",
title="Zu den {G}rundlagen der {C}antor--{Z}ermeloschen {M}engenlehre",
journal=man,
volume=86,
year=1922,
pages="230--237"
}

@article{fraenkel:26,
author="Adolf Fraenkel",
title="Axiomatische {T}heorie der geordneten {M}engen ({U}ntersuchungen {\"u}ber die {G}rundlagen der {M}engenlehre. {II}.)",
journal=jfram,
volume=155,
number=3,
year=1926,
pages="129--158"
}

@article{fraenkel:28,
author="Adolf Fraenkel",
title="Zusatz zu vorstehendem {A}ufsatz {H}errn v. {N}eumanns",
journal=man,
volume=95,
year=1928,
pages="392--393"
}

@Book{frege:79,
  author = 	 {G. Frege},
  title = 	 {Begriffsschrift},
  publisher = 	 {Louis Nebert, Halle},
  year = 	 1879,
  note =	 {English Translation in: J.\ van Heijenoort (ed.), 
  From Frege to G{\"o}del, Harvard University Press: 1977}
}

@book{fulop:vogler:98,
author = {Zolt\'an F\"ul\"op and Heiko Vogler},
title = "Syntax-Directed Semantics: Formal Models Based on Tree Transducers",
publisher = "Springer-Verlag Berlin Heidelberg",
year = 1998
}
 
@inproceedings{fuhrmann:pym:04,
author = "Carsten F{\"u}hrmann and David Pym",
title = "On the Geometry of Interaction for Classical Logic 
(Extended Abstract)",
booktitle="19th IEEE Symposium on Logic in Computer Science (LICS 2004)",
year = 2004,
pages="211--220",
}

@article{fuhrmann:pym:cmcl,
  author    = {Carsten F{\"{u}}hrmann and
               David J. Pym},
  title     = {On categorical models of classical logic and the Geometry of Interaction},
  journal   = {Mathematical Structures in Computer Science},
  volume    = {17},
  number    = {5},
  pages     = {957--1027},
  year      = {2007},
}

@article{fuhrmann:pym:oecm,
author = "Carsten F{\"u}hrmann and David Pym",
title = "Order-enriched categorical models of the classical sequent calculus",
journal = "Journal of Pure and Applied Algebra",
volume = "204",
number = "1",
pages = "21--78",
year = "2006",
}

@unpublished{fuhrmann:pym:dj,
author = "Carsten F{\"u}hrmann and David Pym",
title = "On the Geometry of Interaction for Classical Logic",
year = 2004,
note="preprint",
}

%note="Manuskript available at http://www.cs.bath.ac.uk/\~{ }pym/dj.pdf"

%% GGGGGGGGGGGGG

@article{galmiche:salhi:10,
  author    = {Didier Galmiche and
               Yakoub Salhi},
  title     = {Label-free natural deduction systems for intuitionistic
               and classical modal logics},
  journal   = {Journal of Applied Non-Classical Logics},
  volume    = {20},
  number    = {4},
  year      = {2010},
  pages     = {373--421},
}

@InCollection{galton:temporal,
	author       =	{Galton, Antony},
	title        =	{Temporal Logic},
	booktitle    =	{The Stanford Encyclopedia of Philosophy},
	editor       =	{Edward N. Zalta},
	howpublished =	{\url{http://plato.stanford.edu/archives/fall2008/entries/logic-temporal/}},
	year         =	{2008},
	edition      =	{Fall 2008},
}

@article{gasarch:poll,
author="William I.~Gasarch",
title="Guest column: The {P}=?{NP} Poll",
journal="SIGACT News",
volume=33,
number=2,
year=2002,
pages="34--47",
}

@inproceedings{garg:genovese:negri:12,
author = {Garg, Deepak and Genovese, Valerio and Negri, Sara},
title = {Countermodels from sequent calculi in multi-modal logics},
booktitle = {27th Annual {ACM/IEEE} Symposium on Logic in Computer Science, {LICS} 2012},
year = {2012},
pages = {315--324}
}

@incollection{garson:stanford,
author="Jim Garson",
title="Modal logic",
editor="Edward N. Zalta",
booktitle="The Stanford Encyclopedia of
  Philosophy",
publisher="Stanford University",
year=2008,
url={http://plato.stanford.edu/archives/spr2008/entries/logic-modal/},
}

@incollection{gecseg:steinby:97,
author = {Ferenc G{\'e}cseg and Magnus Steinby},
title = {{T}ree {L}anguages},
booktitle = "Handbook of Formal Languages, Beyond Words",
publisher = "Springer-Verlag Berlin Heidelberg",
editor="G. Rozenberg and A. Salomaa",
volume = 3,
year = 1997,
chapter = 1,
pages = "1--68"
}

@inproceedings{gent:walsh:93,
author = "Ian P. Gent and Toby Walsh",
title = "Towards an Understanding of Hill-climbing Procedures for SAT",
booktitle = "Proceedings of the National Conference on Artificial 
Intelligence (AAAI-93)",
year = "1993",
pages = "28-33"
} 

@article{gentzen:32,
author= "Gerhard Gentzen",
title="{\"U}ber die {E}xistenz unabh{\"a}ngiger {A}xiomensysteme zu unendlichen {S}atzsystemen",
journal=man,
year=1932,
volume=107,
pages ={329-350}
}

@article{gentzen:35:I,
author= "Gerhard Gentzen",
title="Untersuchungen {\"u}ber das logische {S}chlie{\ss}en. {I}.",
journal="Mathematische Zeitschrift",
year="1935",
volume=39,
pages ={176--210}
}

@article{gentzen:35:II,
author= "Gerhard Gentzen",
title="Untersuchungen {\"u}ber das logische {S}chlie{\ss}en. {II}.",
journal="Mathematische Zeitschrift",
year="1935",
volume=39,
pages ={405--431}
}

@article{gentzen:36,
author= "Gerhard Gentzen",
title="Die {W}iderspruchtsfreiheit der reinen {Z}ahlentheorie",
journal=man,
year=1936,
volume=112,
pages ={493--565}
}

@article{gentzen:36:a,
author= "Gerhard Gentzen",
title="Die {W}iderspruchtsfreiheit der {S}tufenlogik",
journal="Mathematische Zeitschrift",
year=1936,
volume=41,
pages ={357-366}
}



@inproceedings{gimenez:moser:13,
  author    = {St{\'{e}}phane Gimenez and
               Georg Moser},
  title     = {The Structure of Interaction},
  booktitle = {Computer Science Logic 2013 {(CSL} 2013), {CSL} 2013, September 2-5,
               2013, Torino, Italy},
  pages     = {316--331},
  year      = {2013},
  editor    = {Simona Ronchi Della Rocca},
  series    = {LIPIcs},
  volume    = {23},
  publisher = {Schloss Dagstuhl - Leibniz-Zentrum fuer Informatik},
}

@article{ginsburg:rose:66,
author = "S. Ginsburg and G. F. Rose",
title = "A characterisation of machine mappings",
year = 1966,
journal="Can. J. of Math.",
volume = 18,
pages = "381--388"
}

@phdthesis{girard:72,
author="Jean-Yves Girard",
title="Interpr{\'e}tation fonctionelle et {\'e}limination des coupures de l'arithm{\'e}tique d'ordre sup{\'e}rieur",
year=1972,
school="Universit{\'e} Paris VII"
}


@article{girard:87,
   author =  {Girard, Jean-Yves},
   title =   {Linear Logic},
   journal = tcs,
   year =    1987,
   volume =  50,
   pages =   {1--102},
}

@book{girard:87:a,
   author =  {Girard, Jean-Yves},
   title =   {Proof Theory and Logical Complexity, Volume I},
   year =    1987,
   volume =  1,
   series="Studies in Proof Theory",
publisher = {Bibliopolis, edizioni di filosofia e scienze},
city = Napoli
}

@book{girard:etal:89,
   author =  {Jean-Yves Girard and Yves Lafont and Paul Taylor},
   title =   {Proofs and Types},
   year =    1989,
   series="Cambridge Tracts in Theoretical Computer Science",
   publisher = cup,
}

@article{girard:89,
   author =  {Girard, Jean-Yves},
   title =   {Towards a Geometry of Interaction},
   journal = "Contemporary Mathematics",
   year =    1989,
   volume =  92,
   pages =   {69--108},
}

@InCollection{girard:89:GoIone,
  author =       {Girard, Jean-Yves},
  title =        {Geometry of Interaction 1: Interpretation of {S}ystem {F}},
  booktitle =    {Logic Colloquium 88},
  publisher = {North-Holland},
  year =         {1989},
  editor =       {R.~Ferro et al.},
}

@unpublished{girard:quantII,
   author =  {Girard, Jean-Yves},
   title =   {Quantifiers in Linear Logic {II}},
   note = "Pre{\'e}publication de l'Equipe de Logique, Universit{\'e} Paris {VII}, Nr.~19",
   year =    1990,
}

@article{girard:LC,
   author =  {Girard, Jean-Yves},
   title =   {A new Constructive Logic: Classical Logic},
   journal = mscs,
   year =    1991,
   volume = 1,
   pages = {255--296},
}

@article{girard:etal:92,
   author =  {Jean-Yves Girard and Andre Scedrov and Philip J. 
   Scott},
   title =   {Bounded linear logic: a modular approach to 
   polynomial-time computability},
   journal = tcs,
   year =    1992,
   volume =  97,
   pages =   {1--66},
}

@incollection{girard:95,
   author =  {Jean-Yves Girard},
   title =   {Linear logic: its syntax and semantics},
   booktitle = "Advances in Linear Logic",
   year =    1995,
   publisher= "Cambridge University Press",
   editor = "Jean-Yves Girard and Yves Lafont and Laurent 
   Regnier",
   pages =   {1--42},
}

@inproceedings{girard:96:Banach,
    author = {Jean-Yves Girard},
    title = {Coherent {B}anach Spaces: a continuous denotational semantics},
    booktitle = {Electronic Notes in Theoretical Computer Science},
    volume = {3},
    publisher = {Elsevier Science Publishers},
    editor = {Jean-Yves Girard and Mitsuhiro Okada and Andre Scedrov},
    year = {1996}
}
%   note = "Manuscript available from
%   http://iml.univ-mrs.fr/\~{ }girard/articles.html"

@inproceedings{girard:96:PN,
    author = {Jean-Yves Girard},
    title = {Proof-nets : the parallel syntax for proof-theory},
    booktitle = {Logic and Algebra},
    publisher = {Marcel Dekker, New York},
    editor = {Aldo Ursini and Paolo Agliano},
    year = {1996}
}



@article{girard:98,
   author =  {Girard, Jean-Yves},
   title =   {Light Linear Logic},
   journal = ic,
   year =    1998,
   volume =  143,
   pages =   {175--204},
}

@article{girard:01,
   author =  {Girard, Jean-Yves},
   title =   {Locus Solum: From the rules of logic to the logic of rules},
   journal = mscs,
   year =    2001,
   volume =  11,
   number = 3,
   pages =   {301-506} 
},

@inproceedings{girard:tract,
   author =  {Girard, Jean-Yves},
title="Between logic and quantic : a tract",
booktitle="Linear logic in computer science",
publisher="Cambridge University Press",
year=2003,
editor={Thomas Ehrhard and Jean-Yves Girard and Paul Ruet and Phil Scott}
}

@article{godel:30,
author="Kurt G{\"o}del",
title="Die {V}ollst{\"a}ndigkeit der {A}xiome des logischen {F}unktionenkalk{\"u}ls",
journal="Monatshefte f{\"u}r Mathematik und Physik",
volume=37,
year=1930,
pages="349-360"
}

@article{godel:31,
author="Kurt G{\"o}del",
title="{\"U}ber formal unentscheidbare {S}{\"a}tze der {P}rincipia {M}athematica und verwandter {S}ysteme {I}",
journal="Monatshefte f{\"u}r Mathematik und Physik",
volume=38,
year=1931,
pages="173--198"
}

@article{godel:33,
author="Kurt G{\"o}del",
title="Zur intuitionistischen {A}rithmetik und {Z}ahlentheorie",
journal="Ergebnisse eines mathematischen Kolloquiums",
volume=4,
year=1933,
pages="34-38"
}

@article{godel:36,
author="Kurt G{\"o}del",
title="{\"U}ber die {L}{\"a}nge von {B}eweisen",
journal="Ergebnisse eines mathematischen Kolloquiums",
volume=7,
year=1936,
pages="23--24"
}

@incollection{godel:neumannletter,
author="Kurt G{\"o}del",
title="Letter to {J}ohn von {N}eumann, 20 {M}arch 1956",
booktitle="Kurt G{\"o}del: Collected Works",
volume = "V",
editor="Solomon Fefermann and John W.~Dawson, Jr. and Warren Goldfarb and Charles Parsons and Wilfried Sieg",
publisher="Clarendon Press, Oxford",
year=2003,
pages="372--377" 
}

@article{goetschi:kuznets:12,
  author    = {Remo Goetschi and
               Roman Kuznets},
  title     = {Realization for justification logics via nested sequents:
               Modularity through embedding},
  journal   = apal,
  volume    = {163},
  number    = {9},
  year      = {2012},
  pages     = {1271--1298},
}

@InProceedings{gonthier:4colour,
  title =        "The Four Colour Theorem: Engineering of a Formal
                 Proof",
  author =       "Georges Gonthier",
  publisher =    "Springer",
  year =         "2007",
  volume =       "5081",
  booktitle =    "8th Asian Symposium on Computer Mathematics",
  editor =       "Deepak Kapur",
  pages =        "333",
  series =       lncs,
}

@inproceedings{gonthier:13:oddorder,
  author    = {Georges Gonthier and
               Andrea Asperti and
               Jeremy Avigad and
               Yves Bertot and
               Cyril Cohen and
               Fran{\c{c}}ois Garillot and
               St{\'{e}}phane Le Roux and
               Assia Mahboubi and
               Russell O'Connor and
               Sidi Ould Biha and
               Ioana Pasca and
               Laurence Rideau and
               Alexey Solovyev and
               Enrico Tassi and
               Laurent Th{\'{e}}ry},
  title     = {A Machine-Checked Proof of the Odd Order Theorem},
  booktitle = {Interactive Theorem Proving - 4th International Conference, {ITP}
               2013, Rennes, France, July 22-26, 2013. Proceedings},
  pages     = {163--179},
  year      = {2013},
  series    = {Lecture Notes in Computer Science},
  volume    = {7998},
  publisher = {Springer},
  timestamp = {Wed, 24 Jul 2013 20:44:45 +0200},
  biburl    = {http://dblp.uni-trier.de/rec/bib/conf/itp/2013},
  bibsource = {dblp computer science bibliography, http://dblp.org}
}

@article{gore:tiu:07:jlc,
	Author = {Rajeev Gor{\'e} and Alwen Tiu},
	Journal = {Journal of Logic and Computation},
	url={http://users.rsise.anu.edu.au/~tiu/papers/cmdl.pdf},
	Number = {4},
	Pages = {767--794},
	Title = {Classical Modal Display Logic in the Calculus of Structures and Minimal Cut-free Deep Inference Calculi for {S5}},
	Volume = {17},
	Year = {2007}}

@inproceedings{gore:etal:tableaux09,
  author    = {Rajeev Gor{\'e} and
               Linda Postniece and
               Alwen Tiu},
  title     = {Taming Displayed Tense Logics Using Nested Sequents with
               Deep Inference},
  booktitle = {Automated Reasoning with Analytic Tableaux and Related Methods,
               18th International Conference, TABLEAUX 2009},
  year      = {2009},
  pages     = {189--204},
  editor    = {Martin Giese and
               Arild Waaler},
  publisher = {Springer},
  series    = {Lecture Notes in Computer Science},
  volume    = {5607},
}

@inproceedings{gore:etal:aiml10,
  author    = {Rajeev Gor{\'e} and
               Linda Postniece and
               Alwen Tiu},
 title     = {Cut-elimination and Proof Search for Bi-Intuitionistic Tense
               Logic},
  booktitle = {Advances in Modal Logic},
  year      = {2010},
  pages     = {156--177},
  editor    = {Lev Beklemishev, Valentin Goranko, Valentin Shehtman},
  publisher = {College Publications},
}

@article{gore:etal:Kt,
  author    = {Rajeev Gor{\'e} and
               Linda Postniece and
               Alwen Tiu},
  title={On the Correspondence between Display Postulates and Deep 
Inference in Nested Sequent Calculi for Tense Logics},
  journal="=Logical Methods in Computer Science",
  volume    = {7},
  number    = {2},
  year      = {2011},
}

@inproceedings{gore:ramanayake:12,
author = {Gor\'e, Rajeev and Ramanayake, Revantha},
editor = {Bolander, Thomas and Braüner, Torben and Ghilardi, Silvio and Moss, Lawrence},
title = {Labelled tree sequents, Tree hypersequents and Nested (Deep) Sequents},
booktitle = {Proceedings of AiML 2012: International Conference on Advances in Modal Logic 2012},
year = {2012},
pages = {279--299}
}

@incollection{gore:99:handbook,
author={Gor{\'e}, Rajeev},
year={1999},
booktitle={Handbook of Tableau Methods},
editor={D'Agostino, Marcello and Gabbay, Dov M. and H{\"a}hnle, Reiner and Posegga, Joachim},
title={Tableau Methods for Modal and Temporal Logics},
publisher={Springer Netherlands},
pages={297--396},
}

@inproceedings{groote:01,
author = 	"Philippe de Groote",
title="Towards Abstract Categorial Grammars",
booktitle="Association for Computational Linguistics, 
39th Annual Meeting and 10th Conference of the European Chapter", 
pages="148--155",
year=2001,
}


@Article{groote:lamarche:02,
  author = 	"Philippe de Groote and Fran\c{c}ois Lamarche",
  title = 	"Classical Non-Associative Lambek Calculus",
  journal = 	"Studia Logica",
  year = 	"2002",
  pages =       "355--388",
  volume =      71,
  number =      3}



@inproceedings{groote:etal:04,
  author    = {Philippe de Groote and
               Bruno Guillaume and
               Sylvain Salvati},
  title     = {Vector Addition Tree Automata},
  booktitle = {19th {IEEE} Symposium on Logic in Computer Science {(LICS} 2004),
               14-17 July 2004, Turku, Finland, Proceedings},
  pages     = {64--73},
  year      = {2004},
}


@Article{grosse:etal:96,
  author = 	"Gert Gro{\ss}e and Steffen H{\"o}lldobler and Josef Schneeberger",
  title = 	"Linear Deductive Planning",
  journal = 	"Journal of Logic and Computation",
  year = 	"1996",
  pages =       "233-262",
  volume =      "6",
  number =      "2"}

@InProceedings{gue:str:14:CSL-LICS,
  author =       "Nicolas Guenot and Lutz Strassburger",
  title =        "Symmetric Normalisation for Intuitionistic Logic",
  doi =          "10.1145/2603088.2603160",
  booktitle =    "Proceedings of the Twenty-Third EACSL Annual
                 Conference on Computer Science Logic ({CSL}) and the
                 Twenty-Ninth Annual {ACM/IEEE} Symposium on Logic in
                 Computer Science ({LICS})",
  year =         "2014",
  editor =       "Tom Henzinger and Dale Miller",
}


@inproceedings{guerrini:99,
  author    = {Stefano Guerrini},
  title     = {Correctness of Multiplicative Proof Nets Is Linear},
  booktitle = {LICS},
  year      = {1999},
  pages     = {454--463},
}

@inproceedings{guglielmi:95,
   author =    {Guglielmi, Alessio},
   title =     {Sequentiality by Linear Implication and Universal Quantification},
   booktitle = {Structures in Concurrency Theory},
   year =      1995,
   series =    {Workshops in Computing},
   editor =    {Desel, J\"org},
   publisher = sv,
   pages =     {160--174},
}

@techreport{guglielmi:99,
author="Guglielmi, Alessio",
title="A Calculus of Order and Interaction",
number="WV-99-04",
year=1999,
institution=tud,
note="Now obsolete and replaced by \cite{guglielmi:02}"
}


@article{gug:SIS,
   author =      {Guglielmi, Alessio},
   title =       {A System of Interaction and Structure},
   journal = tocl,
   number=1,
   volume=8,
   year = "2007",
pages ="1--64"
}

@misc{guglielmi:02:AG1,
author="Guglielmi, Alessio",
title="Goodness, Perfection and Miracles",
year=2002,
note="On the web at: 
http://www.ki.inf.tu-dresden.de/\~{ }guglielm/Research/Notes/AG1.pdf"
}

@misc{guglielmi:02:AG2,
author="Guglielmi, Alessio",
title="Recipe",
year=2002,
note="On the web at: 
http://www.ki.inf.tu-dresden.de/\~{ }guglielm/Research/Notes/AG2.pdf"
}

@misc{guglielmi:02:AG5,
author="Guglielmi, Alessio",
title="On Lafont's Counterexample",
year=2002,
note="On the web at: 
http://www.ki.inf.tu-dresden.de/\~{ }guglielm/res/Notes/AG5.pdf"
}

@misc{guglielmi:02:AG7,
author="Guglielmi, Alessio",
title="Butterflies",
year=2002,
note="On the web at: 
http://www.ki.inf.tu-dresden.de/\~{ }guglielm/Research/Notes/AG7.pdf"
}

@misc{gug:AG10,
author="Guglielmi, Alessio",
title="Resolution in the Calculus of Structures",
year=2003,
note="Note. On the web at: 
http://cs.bath.ac.uk/ag/p/AG10.pdf"
}

@unpublished{guglielmi:AG8,
author="Guglielmi, Alessio",
title="Subatomic Logic",
year=2002,
month="November",
note="note"
}
%note="On the web at: 
%http://www.ki.inf.tu-dresden.de/\~{ }guglielm/Research/Notes/AG8.pdf"


@unpublished{guglielmi:AG16,
author="Guglielmi, Alessio",
title="Some News on Subatomic Logic",
year=2005,
month="July",
note="note"
}
%note="On the web at: 
%http://www.ki.inf.tu-dresden.de/\~{ }guglielm/Research/Notes/AG8.pdf"


@unpublished{guglielmi:A,
author="Guglielmi, Alessio",
title="Formalism {A}",
year=2004,
month="April",
note="note"
}
%note="On the web at: 
%http://www.ki.inf.tu-dresden.de/\~{ }guglielm/Research/Notes/AG11.pdf"
%}

@unpublished{guglielmi:B,
author="Guglielmi, Alessio",
title="Formalism {B}",
year=2004,
month="December",
note="note"
}
%note="On the web at: 
%http://www.ki.inf.tu-dresden.de/\~{ }guglielm/Research/Notes/AG13.pdf"
%}

@unpublished{guglielmi:frogs:speedup,
author="Guglielmi, Alessio",
title="Deep inference and speed-up in proof search",
note="Email to the frogs mailinglist on 2004-08-08, archived at 
\url{http://news.gmane.org/gmane.science.mathematics.frogs}",
year=2004,
}


@unpublished{guglielmi:strassburger,
author="Alessio Guglielmi and Lutz Stra{\ss}burger",
title="System {V}",
note="in preparation"
}

@inproceedings{gug:str:01,
   author =      {Alessio Guglielmi and Lutz Stra{\ss}burger},
   title =       {Non-commutativity and {MELL} in the Calculus of Structures},
   year =        2001,
   booktitle =   {Computer Science Logic, CSL 2001},
   publisher =   {Springer-Verlag},
   volume =      2142,
   pages =       {54--68},
   editor =      {Laurent Fribourg},
   series =      {LNCS}
}
 %  series =      {Lecture Notes in Computer Science}

@inproceedings{gug:str:02,
   author =      {Alessio Guglielmi and Lutz Stra{\ss}burger},
   title =       {A Non-commutative Extension of {MELL}},
   year =        2002,
   booktitle =   {Logic for Programming, Artificial Intelligence, 
   and Reasoning, LPAR 2002},
   publisher =   {Springer-Verlag},
   volume =      2514,
   pages =       {231--246},
   editor =      {Matthias Baaz and Andrei Voronkov},
   series =      {LNAI}
}
   %note="On the web at: 
   %http:://www.ki.inf.tu-dresden.de/\~{ }guglielm/Research/NEL/NELbig.pdf"

@article{gug:gun:flows,
	Author = {Guglielmi, Alessio and Gundersen, Tom},
	journal = lmcs,
	Title = {Normalisation Control in Deep Inference Via Atomic Flows},
	Year = {2008},
pages="1--36",
volume=4,
number="1:9"}
%%url={http://arxiv.org/abs/0709.1205},

@misc{gug:frogs-subst,
Author = {Guglielmi, Alessio},
year=2010,
note="Email to the frogs mailing list, archived at 
\url{http://article.gmane.org/gmane.science.mathematics.frogs/575/}",
}

@inproceedings{gug:gun:str:LICS10,
  author    = {Alessio Guglielmi and
               Tom Gundersen and
               Lutz Stra{\ss}burger},
  title     = {Breaking Paths in Atomic Flows for Classical Logic},
  booktitle = {Proceedings of the 25th Annual {IEEE} Symposium on Logic in Computer
               Science, {LICS} 2010, 11-14 July 2010, Edinburgh, United Kingdom},
  pages     = {284--293},
  year      = {2010},
  publisher = {{IEEE} Computer Society},
}

@article{SIS-IV,
  author =       "Lutz Stra{\ss}burger and Alessio Guglielmi",
  title =        "A system of interaction and structure {IV}: The
                 exponentials and decomposition",
  journal =      "ACM Trans. Comput. Log.",
  volume =       "12",
  number =       "4",
  year =         "2011",
  pages =        "23",
}
%url="http://arxiv.org/abs/0903.3327",
%url="http://www.lix.polytechnique.fr/~lutz/papers/NEL-decomposition.pdf",

@article{SIS-V,
  author =       "Alessio Guglielmi and Lutz Stra{\ss}burger",
  title =        "A system of interaction and structure {V}: the
                 exponentials and splitting",
  journal =      "Mathematical Structures in Computer Science",
  volume =       "21",
  number =       "3",
  year =         "2011",
  pages =        "563--584",
}
%url="http://arxiv.org/abs/0903.3332",

% On the web at: 
%   http://www.ps.uni-sb.de/\~{ }lutz/NELbig.pdf"

@inproceedings{guiraud:3D:SD05,
author="Yves Guiraud",
title="The three dimensions of proofs",
year=2005,
booktitle ="Structures and Deduction 2005 (Satellite Workshop of ICALP'05)",
}

@article{guiraud:3D,
	Author = {Guiraud, Yves},
	Journal = {Annals of Pure and Applied Logic},
	url={http://www.loria.fr/~guiraudy/recherche/cos1.pdf},
	Number = {1-2},
	Pages = {266--295},
	Title = {The Three Dimensions of Proofs},
	Volume = {141},
	Year = {2006}}

@inproceedings{gun:hei:par:LICS13,
  author    = {Tom Gundersen and
               Willem Heijltjes and
               Michel Parigot},
  title     = {Atomic Lambda Calculus: {A} Typed Lambda-Calculus with Explicit Sharing},
  booktitle = {28th Annual {ACM/IEEE} Symposium on Logic in Computer Science, {LICS}
               2013, New Orleans, LA, USA, June 25-28, 2013},
  pages     = {311--320},
  year      = {2013},
  publisher = {{IEEE} Computer Society},
}

@inproceedings{gunter:gehlot:89,
   author =      {Carl A. Gunter and Vijay Gehlot},
   title =       {Nets as tensor theories},
   year =        1989,
   booktitle =   {10th International Conference on Application 
   an Theory of Petri Nets},
   pages =       {174--191},
}
   
   
   
%% HHHHHHHHHHHHH

@article{haken:85,
author="A. Haken",
title="The intractability of resolution",
year=1985,
journal="TCS",
pages="297--308",
volume=39,
}

@InProceedings{hales:05:flyspeck,
  title =        "Introduction to the {F}lyspeck {P}roject",
  author =       "Thomas C. Hales",
  publisher =    "Internationales Begegnungs- und Forschungszentrum
                 f{\"u}r Informatik (IBFI), Schloss Dagstuhl, Germany",
  year =         "2005",
  volume =       "05021",
  booktitle =    "Mathematics, Algorithms, Proofs",
  editor =       "Thierry Coquand and Henri Lombardi and Marie-Fran{\c
                 c}oise Roy",
  series =       "Dagstuhl Seminar Proceedings",
}

@Article{hartmanis:godelletter,
author="Juris Hartmanis",
title="{G}{\"o}del, von {N}eumann and the {P=?NP} problem",
journal="Bulletin of the EATCS",
volume=38,
year=1989,
pages="101--107",
}

@Article{hayashi:85,
  author =       {Susumu Hayashi},
  title =        {Adjunctions of Semifunctors: Categorical Structures in Nonextensional Lambda Calculus},
  journal =      tcs,
  year =         {1985},
  volume =       {41},
  pages =        {95--104},
}

@article{harper:etal:93,
   author =  {R. Harper and F. Honsell and G. Plotkin},
   title =   {A framework for defining logics},
   journal = jacm,
   volume =  40,
   number =  1,
   pages =   {143--184},
   year =    1993,
}

@unpublished{heath:miller:ptmc,
author = "Quentin Heath and Dale Miller",
title = "A proof theory for model checking",
year="2016",
note="preprint",
}




@inproceedings{heijltjes:LICS11,
  author    = {Willem Heijltjes},
  title     = {Proof Nets for Additive Linear Logic with Units},
  booktitle = {Proceedings of the 26th Annual {IEEE} Symposium on Logic in Computer
               Science, {LICS} 2011, June 21-24, 2011, Toronto, Ontario, Canada},
  pages     = {207--216},
  year      = {2011},
  publisher = {{IEEE} Computer Society},
}

@article{heijltjes:forestry,
author="Willem Heijltjes",
title="Classical proof forestry",
journal = apal,
  volume    = {161},
  number    = {11},
  year      = {2010},
  pages     = {1346--1366},
}



@inproceedings{heijltjes:houston:14,
  author    = {Willem Heijltjes and
               Robin Houston},
  title     = {No proof nets for {MLL} with units: proof equivalence in {MLL} is
               {PSPACE}-complete},
editor    = {Thomas A. Henzinger and
               Dale Miller},
booktitle = {Joint Meeting of the Twenty-Third {EACSL} Annual Conference on Computer
               Science Logic {(CSL)} and the Twenty-Ninth Annual {ACM/IEEE} Symposium
               on Logic in Computer Science (LICS), {CSL-LICS} '14, Vienna, Austria,
               July 14 - 18, 2014},
  pages     = {50:1--50:10},
  publisher = {{ACM}},
  year      = {2014},
}



@inproceedings{heijltjes:hughes:15,
  author    = {Willem Heijltjes and
               Dominic J. D. Hughes},
  title     = {Complexity Bounds for Sum-Product Logic via Additive Proof Nets and
               Petri Nets},
  booktitle = {30th Annual {ACM/IEEE} Symposium on Logic in Computer Science, {LICS} 2015},
  pages     = {80--91},
  publisher = {{IEEE} Computer Society},
  year      = {2015},
}

@article{hei:str:star,
  author    = {Willem Heijltjes and
               Lutz Stra{\ss}burger},
  title     = {Proof nets and semi-star-autonomous categories},
  journal   = {Mathematical Structures in Computer Science},
  volume    = {26},
  number    = {5},
  pages     = {789--828},
  year      = {2016},
  doi       = {10.1017/S0960129514000395},
}

@inproceedings{HHS:ALL1,
author= {Willem Heijltjes and Dominic Hughes and Lutz Stra{\ss}burger},
title="Proof nets for first-order additive linear logic",
booktitle="FSCD 2019",
year = 2019,
}

@techreport{HHS:RR-9201,
author= {Willem Heijltjes and Dominic Hughes and Lutz Stra{\ss}burger},
title="Proof nets for first-order additive linear logic",
institution="Inria",
year = 2018,
type="Research Report",
number="RR-9201"
}

@inproceedings{HHS:ipws,
author= {Willem Heijltjes and Dominic Hughes and Lutz Stra{\ss}burger},
title="Intuitionistic Proofs without Syntatx",
booktitle="LICS 2019",
year = 2019,
}


@mastersthesis{hein:msc,
	Author = {Hein, Robert},
	url={http://bitschnitzer.de/robert_thesis.ps.gz},
	School = {Technische Universit{\"a}t Dresden},
	Title = {Geometric Theories and Modal Logic in the Calculus of Structures},
	Year = 2005}


@inproceedings{heilala:pientka:07,
  author    = {Samuli Heilala and
               Brigitte Pientka},
  title     = {Bidirectional Decision Procedures for the Intuitionistic
               Propositional Modal Logic {IS4}},
  booktitle = {CADE-21},
  year      = {2007},
  pages     = {116--131},
  editor    = {Frank Pfenning},
  publisher = {Springer},
  series    = {Lecture Notes in Computer Science},
  volume    = {4603},
}

@PhdThesis{herbrand:phd,
  author =       "Jacques Herbrand",
  year =         "1930",
  title =        "Recherches sur la Th{\'e}orie de la
                 {D}{\'e}monstration",
  school =       "University of Paris",
}

@article{hetzl:weller:expansion,
  author    = {Stefan Hetzl and
               Daniel Weller},
  title     = {Expansion Trees with Cut},
  journal   = {CoRR},
  volume    = {abs/1308.0428},
  year      = {2013},
  url       = {http://arxiv.org/abs/1308.0428},
}

@article{hetzl:str:herbrand,
  author    = {Stefan Hetzl and
               Lutz Stra{\ss}burger},
  title     = {Herbrand-Confluence},
  journal   = {Logical Methods in Computer Science},
  volume    = {9},
  number    = {4},
  year      = {2013},
  ee        = {http://dx.doi.org/10.2168/LMCS-9(4:24)2013, http://arxiv.org/abs/1310.8156},
  bibsource = {DBLP, http://dblp.uni-trier.de}
}

@book{heyting:34,
   author =  {Arend Heyting},
   title =   {Mathematische {G}rundlagen\-forschung.
   {I}n\-tuitionismus. {B}eweis\-theorie},
   publisher=sv,
   year =    1934,
}
 
@article{hilbert:00,
author= "David Hilbert",
title="{M}athematische {P}robleme",
journal ="Nachrichten der K{\"o}niglichen Gesellschaft der Wissenschaften zu G{\"o}ttingen, mathematisch-physikalische {K}lasse",
volume=3,
year=1900,
pages="253--297",
}

@unpublished{hilbert:notiz24,
author="David Hilbert",
title="Mathematische {N}otizb{\"u}cher",
note="Nieders{\"a}chsische Staats- und Universit{\"a}tbibliothek, Cod.~Ms.~D.~Hilbert~600:3, S.25"
}

@article{hilbert:22,
author="David Hilbert",
title="Die logischen {G}rundlagen der {M}athematik",
year="1922",
journal=man,
volume=88,
pages="151--165"
}

@article{hilbert:26,
author="David Hilbert",
title="{\"U}ber das {U}nendliche",
year="1926",
journal=man,
volume=95,
pages="161--190"
}

@book{hilbert:ackermann:28,
author="David Hilbert and Wilhelm Ackermann",
title="Grundz{\"u}ge der theoretischen {L}ogik",
publisher="Verlag von Julius Springer",
year=1928,
series="Die Grundlehren der Mathematischen Wissenschaften",
volume="XXVII"
}

@article{hodas:miller:94,
   author =  {Hodas, Joshua S. and Miller, Dale},
   title =   {Logic Programming in a Fragment of Intuitionistic Linear Logic},
   journal = ic,
   volume =  110,
   number =  2,
   pages =   {327--365},
   year =    1994,
   month =   may,
}


@inproceedings{hodas:polakow:96,
    author = {Joshua S. Hodas and Jeffrey Polakow},
    title = {Forum as a Logic Programming Language},
    booktitle = {Electronic Notes in Theoretical Computer Science},
    volume = {3},
    publisher = {Elsevier Science Publishers},
    editor = {Jean-Yves Girard, Mitsuhiro Okada and Andre Scedrov},
    year = {1996}
}

@Article{holldobler:schneeberger:90,
  author = 	"Steffen H{\"o}lldobler and Josef Schneeberger",
  title = 	"A New Deductive Approach to Planning",
  journal = 	"New Generation Computing",
  year = 	"1990",
  volume = 	"8",
  pages = 	"225-244",
  OPTnote =        "A short version appeared in the Proceedings of the
		 German Workshop on Artificial Intelligence,
		 Informatik Fachberichte {\it 216}, pages 63-73, 1989"
}

@book{hopcroft:ullman:79,
author="John E. Hopcroft and Jeffrey D. Ullman",
title="Introduction to automata theory, languages and 
computation",
year=1979,
publisher="Addison-Wesley",
}

@mastersthesis{horbach:msc,
author="Matthias Horbach",
title="Proof nets for intuitionistic logic",
year="2006",
school=unisaar,
}

@mastersthesis{horsfall:msc,
	Author = {Horsfall, Benjamin Robert},
	url={http://www.cs.mu.oz.au/~horsfall/horsfall-mcs.pdf},
	School = {University of Melbourne},
	Title = {The Logic of Bunched Implications: {A} Memoir},
	Year = {2006}}

@unpublished{houston:etal:unitless,
author = "Robin Houston and Dominic Hughes and Andrea Schalk",
title = "Modelling Linear Logic without Units (Preliminary Results)",
year = 2005,
note="Preprint",
url={http://arxiv.org/abs/math/0504037},
}

@incollection{howard:80,
author="W. A. Howard",
title="The Formulae-as-Types Notion of Construction",
editor="J. P. Seldin and J. R. Hindley",
booktitle="To H.\ B.\ Curry: Essays on Combinatory Logic, Lambda Calculus and Formalism",
pages="479--490",
publisher="Academic Press",
city="London",
year="1980" 
} 

@inproceedings{hughes:mll1,
  author    = {Dominic Hughes},
title="Unification nets: canonical proof net quantifiers",
booktitle="Proceedings of the 33rd Annual ACM/IEEE Symposium on Logic in Computer Science, LICS 2018",
pages="540--549",
year=2018,
publisher="ACM"
}

@unpublished{hughes:firstorder,
  author    = {Dominic Hughes},
title={First-order proofs without syntax},
note="Berkeley Logic Colloquium",
year=2014,
}

@unpublished{hughes:fopws,
  author    = {Dominic Hughes},
title={First-order proofs without syntax},
note="in preparation, should appear sonn on arXiv",
year=2019,
}

@article{hughes:pws,
  author    = {Dominic Hughes},
  title     =  {Proofs {W}ithout {S}yntax},
  journal   =  {Annals of Mathematics},
year=2006,
volume=164,
number=3,
pages="1065--1076"
}

@article{hughes:invar,
  author    = {Dominic Hughes},
  title     = {Towards {H}ilbert's 24\({}^{\mbox{th}}\) Problem: Combinatorial Proof
               Invariants: (Preliminary version)},
  journal   = {Electr. Notes Theor. Comput. Sci.},
  volume    = {165},
  pages     = {37--63},
  year      = {2006},
}

@unpublished{hughes:DI-cat,
author = "Dominic Hughes",
title = "Deep inderence proof theory equals categorical 
proof theory minus coherence",
year = 2004,
note="preprint",
}

@unpublished{hughes:simple-mult,
  author = 	 "Dominic Hughes",
  title = 	 {Simple Multiplicative Proof Nets with Units},
note="Preprint",
url={http://arxiv.org/abs/math.CT/0507003},
  year = 	 {2005},
}

@unpublished{hughes:freestar,
author = "Dominic Hughes",
title = "Simple free star-autonomous categories and full coherence",
year = 2005,
note="Preprint", 
url={http://arxiv.org/abs/math.CT/0506521},
}

@article{hughes:glabbeek:05,
  author    = {Dominic J. D. Hughes and
               Rob J. van Glabbeek},
  title     = {Proof nets for unit-free multiplicative-additive linear logic},
  journal   = {{ACM} Trans. Comput. Log.},
  volume    = {6},
  number    = {4},
  pages     = {784--842},
  year      = {2005},
}

@inproceedings{hughes:glabbeek:03,
author = "Dominic Hughes and Rob van Glabbeek",
title = "Proof Nets for Unit-free Mul\-ti\-pli\-ca\-tive-Addi\-tive 
Linear logic",
booktitle="18th IEEE Symposium on Logic in Computer Science (LICS 2003)",
pages="1--10",
year = 2003
}

@article{bellin:etal:06,
  author    = {Gianluigi Bellin and
               Martin Hyland and
               Edmund Robinson and
               Christian Urban},
  title     = {Categorical proof theory of classical propositional calculus},
  journal   = tcs,
  volume    = {364},
  number    = {2},
  year      = {2006},
  pages     = {146--165},
  ee        = {http://dx.doi.org/10.1016/j.tcs.2006.08.002},
}

@inproceedings{hyland:04,
author = "J. Martin E. Hyland",
title ="Abstract Interpretation of Proofs: Classical Propositional Calculus",
   booktitle =   {Computer Science Logic, CSL 2004},
   publisher =   {Springer-Verlag},
   volume =      3210,
   pages =       {6--21},
   editor =      {Jerzy Marcinkowski and Andrzej Tarlecki},
   series =      {LNCS},
year = 2004,
}

@article{hyland:02,
  author    = {J. M. E. Hyland},
  title     = {Proof theory in the abstract},
  journal   = apal,
  volume    = {114},
  number    = {1--3},
  year      = {2002},
  pages     = {43--78},
}

@misc{hyland:ong:93,
    author = "J. Martin E. Hyland and Chih-Hao Luke Ong",
    title = "Fair Games and Full Completeness for Multiplicative
             Linear Logic without the MIX-Rule",
    year= 1993,
    note = "Preprint",
}

% available at: http://users.comlab.ox.ac.uk/luke.ong/publications/"

@article{hyland:ong:00,
    author = "J. Martin E. Hyland and Chih-Hao Luke Ong",
title="On Full Abstraction for {PCF}: {I}. {M}odels, observables and the full abstraction problem, {II}. {D}ialogue games and innocent strategies, {III}. {A} fully abstract and universal game model",
journal="Information and Computation",
volume=163, 
pages="285--408", 
year= 2000,
}


@article{hyland:depaiva:fill,
author="J. Martin E. Hyland and Valeria de Paiva",
title="Full Intuitionistic Linear Logic (extended abstract)",
year=1993,
journal=apal,
pages="273--291",
volume=64,
number=3,
}

%% IIIIIIIIIIIII

%% JJJJJJJJJJJJJ

@article{jager:etal:07,
  author    = {Gerhard J{\"{a}}ger and
               Mathis Kretz and
               Thomas Studer},
  title     = {Cut-free common knowledge},
  journal   = {J. Applied Logic},
  volume    = {5},
  number    = {4},
  pages     = {681--689},
  year      = {2007},
}

@article{japaridze:DeepCirquent,
	Author = {Japaridze, Giorgi},
	Title = {Cirquent Calculus Deepened},
        journal="Journal of Logic and Computation",
volume = 18,
number=6, 
pages="983--1028",  
	Year = {2008}}


@article{jerabek:cut-free-cos,
  author = "Emil Je{\v r}{\'a}bek",
  title = "Proof complexity of the cut-free calculus of structures",
  journal = "Journal of Logic and Computation",
  year = 2009,
  volume = 19,
  number = 2,
  pages = "323--339"
}

@article{joinet:wollic03,
  author    = {Jean-Baptiste Joinet},
  title     = {Calculus of structures and proof-nets.},
  journal   = entcs,
  volume    = {84},
  year      = {2003},
}

@article{joinet:PNswitch,
  author    = {Jean-Baptiste Joinet},
  title     = {Completeness of {MLL} proof nets w.r.t.\ weak distributivity},
  journal=jsl,
volume=72,
number=1,
pages="159--170",
  year      = {2007},
}

@techreport{joinet:SN-MELL,
  author    = {Jean-Baptiste Joinet},
  title     = {Une preuve combinatoire de forte normalisation (du fragment multiplicatif et exponentiel) des r{\'e}seaux de preuves pour la logique lin{\'e}aire ({PN1})},
institution="{\'{E}}quipe de Logique de Paris VII",
number="35",
  year      = {1992},
}

@article{joyal:etal:traced,
author="Andr\'e Joyal and Ross Street and Dominic Verity", 
title="Traced monoidal categories",
journal="Mathematical Proceedings of the Cambridge Philosophical Society",
volume=3,
year=1996,
pages="447--468",
}


%% KKKKKKKKKKKKK

@Article{kahle:14,
author="Kahle, Reinhard",
title="What is a Proof?",
journal="Axiomathes",
year="2014",
volume="25",
number="1",
pages="79--91",
}

@article{kahr:depth,
  author    = {Ozan Kahramanogullari},
  title     = {Interaction and Depth against Nondeterminism in Proof Search},
  journal   = {Logical Methods in Computer Science},
  volume    = {10},
  number    = {2},
  year      = {2014},
  url       = {https://doi.org/10.2168/LMCS-10(2:5)2014},
  doi       = {10.2168/LMCS-10(2:5)2014},
  timestamp = {Wed, 03 May 2017 14:47:57 +0200},
  biburl    = {http://dblp.uni-trier.de/rec/bib/journals/corr/Kahramanogullari14},
  bibsource = {dblp computer science bibliography, http://dblp.org}
}

@inproceedings{kahr:07:lpar,
	Author = {Kahramano{\u g}ullar{\i}, Ozan},
	Booktitle = {LPAR 2007},
	Note = {Short paper, in press},
url={http://www.doc.ic.ac.uk/~ozank/Papers/lpar_short.pdf},
	Title = {On Linear Logic Planning and Concurrency},
	Year = {2007}}

@phdthesis{kahr:phd,
	Author = {Kahramano{\u g}ullar{\i}, Ozan},
	url={http://www.doc.ic.ac.uk/~ozank/Papers/ozansthesis.pdf},
	School = {Technische Universit{\"a}t Dresden},
	Title = {Nondeterminism and Language Design in Deep Inference},
	Year = {2006}}

@inproceedings{kahr:07:maude,
	Author = {Kahramano{\u g}ullar{\i}, Ozan},
	Booktitle = {RULE 2007---The Eighth International Workshop on Rule-Based Programming},
	Keywords = {deep inference},
	Note = {In press},
url={http://www.doc.ic.ac.uk/~ozank/Papers/rule07.pdf},
	Publisher = {Elsevier},
	Series = {Electronic Notes in Theoretical Computer Science},
	Title = {Maude as a Platform for Designing and Implementing Deep Inference Systems},
	Year = {2007}}

@article{kahr:07:apal,
	Author = {Kahramano{\u g}ullar{\i}, Ozan},
	Journal = {Annals of Pure and Applied Logic},
	Keywords = {deep inference},
	Note = {In press},
	Title = {System {BV} Is {NP}-Complete},
	Year = {2007}}
%%url={http://www.doc.ic.ac.uk/~ozank/Papers/bv_npc_apal.pdf},

@inproceedings{kahr:04:iscis,
	Author = {Kahramano{\u g}ullar{\i}, Ozan},
	Booktitle = {19th International Symposium on Computer and Information Sciences, ISCIS 2004},
	Editor = {C. Aykanat and T. Dayar and I. K{\"o}rpeo{\u g}lu},
	url="http://www.doc.ic.ac.uk/~ozank/Papers/bvn.pdf",
	Pages = {986--995},
	Publisher = {Springer-Verlag},
	Series = {Lecture Notes in Computer Science},
	Title = {System {BV} without the Equalities for Unit},
	Volume = 3280,
	Year = 2004}

@inproceedings{kahr:05:aia,
	Author = {Kahramano{\u g}ullar{\i}, Ozan},
	Booktitle = {The IASTED International Conference on Artificial Intelligence and Applications, AIA 2005},
	Date-Modified = {2007-09-18 10:48:19 +0100},
	Keywords = {deep inference},
	url={http://www.doc.ic.ac.uk/~ozank/Papers/aia05.pdf},
	Title = {Towards Planning as Concurrency},
	Year = 2005}

@inproceedings{kahr:06:wollic,
	Author = {Kahramano{\u g}ullar{\i}, Ozan},
	Booktitle = {12th Workshop on Logic, Language, Information and Computation (WoLLIC 2005)},
	Date-Modified = {2007-09-18 10:48:27 +0100},
	Editor = {de Queiroz, Ruy and Macintyre, Angus and Bittencourt, Guilherme},
	Keywords = {deep inference},
	url={http://www.doc.ic.ac.uk/~ozank/Papers/BVnpc.pdf},
	Pages = {87--99},
	Publisher = {Elsevier},
	Series = {Electronic Notes in Theoretical Computer Science},
	Title = {System {BV} Is {NP}-Complete},
	Volume = {143},
	Year = {2006}}

@unpublished{kahr:labelled,
	Author = {Kahramano{\u g}ullar{\i}, Ozan},
	Keywords = {deep inference},
	Note = {Presented at the 1st World Congress on Universal Logic},
 url={http://www.doc.ic.ac.uk/~ozank/Papers/unilog.pdf},
	Title = {Labeled Event Structure Semantics of Linear Logic Planning},
year={2005},
}

@inproceedings{kahr:06:lpar,
	Author = {Kahramano{\u g}ullar{\i}, Ozan},
	Booktitle = {LPAR 2006},
	Date-Modified = {2007-09-18 10:48:39 +0100},
	Editor = {M. Hermann and A. Voronkov},
	Keywords = {deep inference},
	url={http://www.doc.ic.ac.uk/~ozank/Papers/reducingNondet.pdf},
	Pages = {272--286},
	Publisher = {Springer-Verlag},
	Series = {Lecture Notes in Artificial Intelligence},
	Title = {Reducing Nondeterminism in the Calculus of Structures},
	Volume = {4246},
	Year = 2006}

@inproceedings{kahr:etal:TOM,
	Author = {Kahramano{\u g}ullar{\i}, Ozan and Moreau, Pierre-Etienne and Reilles, Antoine},
	Booktitle = {Structures and Deduction},
	Date-Modified = {2007-09-18 10:54:00 +0100},
	Editor = {Paola Bruscoli and Fran{\c c}ois Lamarche and Charles Stewart},
	Keywords = {deep inference},
	Note = {ICALP Workshop. ISSN 1430-211X}, 
url={http://www.doc.ic.ac.uk/~ozank/Papers/sd05.pdf},
	Pages = {158--172},
	Publisher = {Technische Universit{\"a}t Dresden},
	Title = {Implementing Deep Inference in {TOM}},
	Year = 2005}



@inproceedings{kanovich:92,
    author = "Max I. Kanovich",
    title = "Horn Programming in Linear Logic is {NP}-Complete",
booktitle = "Proceedings of the 7th Annual IEEE Symposium on Logic 
in Computer Science (LICS 92)",
pages="200--210",
    year = "1992"
}

@Article{kanovich:94,
  author = 	 {Max I. Kanovich},
  title = 	 {The Complexity of {H}orn Fragments of Linear Logic},
  journal = 	 apal,
  year = 	 1994,
  volume =	 69,
  number="2--3",
  pages="195--241"
}

@incollection{kanovich:95,
   author =  {Max I. Kanovich},
   title =   {The direct Simulation of {M}insky Machines in Linear 
   Logic},
   booktitle = "Advances in Linear Logic",
   year =    1995,
   publisher= "Cambridge University Press",
   editor = "Jean-Yves Girard and Yves Lafont and Laurent 
   Regnier",
   pages =   {123--145},
}

@Article{kanovich:96,
  author = 	 {Max I. Kanovich},
  title = 	 {Simulating Computations in Second Order Non--Commutative Linear Logic (Preliminary Report)},
  journal = 	 {Electronic Notes in Theoretical Computer Science},
  year = 	 1996,
  volume =	 3,
  url =	 {http://www.elsevier.nl/locate/entcs/volume3.html}
}

@inproceedings{kanovich:00,
    author = "Max I. Kanovich",
    title = "Simulating Computations in Second Order Non-Commutative Linear Logic",
    booktitle = entcs,
    volume = "3",
    publisher = "Elsevier Science Publishers",
    editor = "Jean-Yves Girard and Mitsuhiro Okada and Andre Scedrov",
    year = "2000"
}

@Article{kanovich:vauzeilles:01,
  author = 	 {Max I. Kanovich and Jacqueline Vauzeilles},
  title = 	 {The classical {AI} planning problems in the mirror 
  of {H}orn linear logic: semantics, expressibility, complexity},
  journal = 	 mscs,
  year = 	 2001,
  volume =	 11,
  pages= "689--716",
}


@InProceedings{kambhampati:93,
  author = 	 {S. Kambhampati},
  title = 	 {On the Utility of Systematicity: Understanding Tradeoffs between Redundancy and Commitment in Partial-Order Planning},
  booktitle = 	 {IJCAI},
  year =	 1993,
  pages =	 {1380-1385}
}

@article{karp:miller:69,
  author    = {Richard M. Karp and
               Raymond E. Miller},
  title     = {Parallel Program Schemata},
  journal   = {J. Comput. Syst. Sci.},
  volume    = {3},
  number    = {2},
  pages     = {147--195},
  year      = {1969},
}

@article{kashima:nested,
  author    = {Ryo Kashima},
  title     = {Cut-free sequent calculi for some tense logics},
  journal   = {Studia Logica},
  volume    = {53},
  number    = {1},
  year      = {1994},
  pages     = {119--136},
}

@Book{kassel:95,
  author =       {Ch. Kassel},
  title =        {Quantum Groups},
  publisher =    sv,
  year =         {1995},
  series =       {Graduate Texts in Mathematics},
}

@Article{kelly:64,
  author =       {Gregory Maxwell Kelly},
  title =        {On {M}ac{L}ane's Conditions for Coherence of Natural
Associativities, Commutativities, etc.},
  journal =      ja,
  year =         {1964},
  volume =       {4},
  pages =        {397--402},
}

@Article{kelly:maclane:71,
  author =       {Gregory Maxwell Kelly and Saunders {Mac~Lane}},
  title =        {Coherence in Closed Categories},
  journal =      jpaa,
  year =         {1971},
  volume =       {1},
  pages =        {97--140},
}

@Article{kelly:laplaza:80,
  author =       {Gregory Maxwell Kelly and M.~L.~Laplaza},
  title =        {Coherence for compact closed categories},
  journal =      jpaa,
  year =         {1980},
  volume =       {19},
  pages =        {193--213},
}

@article{kesner:lengrand:07,
  author    = {Delia Kesner and
               St{\'{e}}phane Lengrand},
  title     = {Resource operators for lambda-calculus},
  journal   = {Inf. Comput.},
  volume    = {205},
  number    = {4},
  pages     = {419--473},
  year      = {2007},
}

@article{kleene:36,
author = {Stephen Cole Kleene},
title = {General recursive functions of natural numbers},
journal=man,
volume=112,
number=5,
pages = {727--742},
year = 1936
}

@book{kleene:52,
author = {Stephen Cole Kleene},
title = {Introduction to Metamathematics},
publisher="North-Holland Publishing Co.",
city="Amsterdam",
series="Bibliotheca Mathematica, A Series of Monographs on Pure and Applied Mathematics",
volume=1,
year=1952
}

@InProceedings{klein:09:sops,
  author =       "Gerwin Klein and Kevin Elphinstone and Gernot Heiser
                 and June Andronick and David Cock and Philip Derrin and
                 Dhammika Elkaduwe and Kai Engelhardt and Rafal Kolanski
                 and Michael Norrish and Thomas Sewell and Harvey Tuch
                 and Simon Winwood",
  title =        "se{L4}: Formal verification of an {OS} kernel",
  booktitle =    "Proceedings of the 22nd Symposium on Operating Systems
                 Principles (22nd SOSP'09), Operating Systems Review
                 (OSR)",
  pages =        "207--220",
  publisher =    "ACM SIGOPS",
  address =      "Big Sky, MT",
  month =        oct,
  year =         "2009",
}

@article{klein:14:tocs,
  author    = {Gerwin Klein and
               June Andronick and
               Kevin Elphinstone and
               Toby C. Murray and
               Thomas Sewell and
               Rafal Kolanski and
               Gernot Heiser},
  title     = {Comprehensive formal verification of an {OS} microkernel},
  journal   = {{ACM} Trans. Comput. Syst.},
  volume    = {32},
  number    = {1},
  pages     = {2},
  year      = {2014},
  url       = {http://doi.acm.org/10.1145/2560537},
  doi       = {10.1145/2560537},
  timestamp = {Tue, 18 Mar 2014 13:27:57 +0100},
  biburl    = {http://dblp.uni-trier.de/rec/bib/journals/tocs/KleinAEMSKH14},
  bibsource = {dblp computer science bibliography, http://dblp.org}
}

@incollection{kleene:56,
author = {Stephen Cole Kleene},
title = {Representation of events in nerve nets and finite automata},
booktitle = {Automata Studies},
publisher = {Princeton, N.J.},
editor={C. E. Shannon and J. McCarthy},
pages = {3--40},
year = 1956
}

@inproceedings{koh:ong:99,
    author = {Thong-Wei Koh and Chih-Hao Luke Ong},
    title = {Internal Languages for Autonomous and *-Autonomous Categories},
    booktitle = "Proceedings of the 8th Conference on Category 
Theory and Computer Science, 1999", 
    series= {Electronic Notes in Theoretical Computer Science},
    volume = {29},
    publisher = {Elsevier},
    editor = {Martin Hofmann and Giuseppe Rosolini and Du\v{s}ko Pavlovi\'{c}},
    year = {1999}
}

@book{konig:50,
author={D. K{\"o}nig},
title="Theorie der endlichen und unendlichen {G}raphen",
publisher="Chelsea",
year="1950",
}

@book{kozen:97,
author = {Dexter C. Kozen},
title = {Automata and Computability},
publisher=sv,
year=1997
}

@article{krajicek:pudlak:89,
  author    = {Jan Kraj\'{\i}\v{c}ek and
               Pavel Pudl{\'a}k},
  title     = {Propositional Proof Systems, the Consistency of First Order
               Theories and the Complexity of Computations.},
  journal   = jsl,
  volume    = {54},
  number    = {3},
  year      = {1989},
  pages     = {1063-1079},
}

@book{krajicek:96,
author= {Jan Kraj\'{\i}\v{c}ek},
title = {Bounded Arithmetic, Propositional Logic and Complexity Theory},
year = 1996,
publisher = "Cambridge University Press"
}

@article{kreisel:68,
author = {Georg Kreisel},
title = {A Survey of Proof Theory},
journal=jsl,
volume=33,
number=3,
pages = {321--388},
year = 1968
}

@article{kripke:59:entailment,
author = "Saul A. Kripke",
title= "The problem of entailment (abstract)",
journal = jsl,
volume = 24,
number = 4,
page = 324,
year =1959,
}

@article{kolmogorov:32,
author = {Andrei Nikolaevich Kolmogorov},
title = {Zur {D}eutung der intuitionistischen {L}ogik},
journal="Mathematische Zeitschrift",
volume=35,
pages = {58--65},
year = 1932,
}



@inproceedings{kosaraju:82,
  author    = {S. Rao Kosaraju},
  title     = {Decidability of Reachability in Vector Addition Systems (Preliminary
               Version)},
  booktitle = {Proceedings of the 14th Annual {ACM} Symposium on Theory of Computing,
               May 5-7, 1982, San Francisco, California, {USA}},
  pages     = {267--281},
  year      = {1982},
  editor    = {Harry R. Lewis and
               Barbara B. Simons and
               Walter A. Burkhard and
               Lawrence H. Landweber},
  publisher = {{ACM}},
}


@book{kunen:80,
author = "Kenneth Kunen",
title = "Set Theory, An Introduction to Independence Proofs",
publisher = "Elsevier Science Publishers B.V.",
year=1980
}

%% LLLLLLLLLLLLL

@article{lazic:schmitz:15,
  author    = {Ranko Lazic and
               Sylvain Schmitz},
  title     = {Nonelementary Complexities for Branching {VASS}, {MELL}, and Extensions},
  journal   = {{ACM} Trans. Comput. Log.},
  volume    = {16},
  number    = {3},
  pages     = {20:1--20:30},
  year      = {2015},
}

@article{lafont:88,
author="Yves Lafont",
title="The linear abstract machine",
journal=tcs,
volume=59,
number="1--2",
pages="157--180",
year=1988
}

@PhdThesis{lafont:thesis,
  author = 	 {Yves Lafont},
  title = 	 {Logique, Cat\'egories et Machines},
  school = 	 {Universit\'e Paris~7},
  year = 	 {1988},
}

@InProceedings{lafont:streicher:91,
author = {Yves Lafont and Thomas Streicher},
title = "Game semantics for linear logic",
booktitle = "Proceedings of the 6th Annual IEEE Symposium on 
Logic in Computer Science (LICS 91)",
year = 	1991,
pages = "43--50"
}

@InCollection{lafont:95,
  author =       {Yves Lafont},
  title =        {From Proof Nets to Interaction Nets},
  booktitle =    {Advances in Linear Logic},
  pages =        {225--247},
  publisher = {Cambridge University Press},
  year =         {1995},
  editor =       {J.-Y.~Girard and Y.~Lafont and L.~Regnier},
  volume =       {222},
  series =       {London Mathematical Society Lecture Notes},
}

@article{lafont:96,
author="Yves Lafont",
title="The Undecidability of Second Order Linear Logic without 
Exponentials",
journal=jsl,
volume=61,
number=2,
pages="541--548",
year=1996,
}

@article{lafont:97:ic,
author="Yves Lafont",
title="Interaction Combinators",
journal=ic,
volume=137,
pages="69--101",
year=1997,
}

@article{lafont:97:fm,
author="Yves Lafont",
title="The Finite Model Property for Various Fragments of Linear 
Logic",
journal=jsl,
volume=62,
number=4,
pages="1202--1208",
year=1997,
}

@inbook{lafont:2D,
author="Yves Lafont",
title="Equational reasoning with 2-dimensional diagrams",
booktitle="Term Rewriting",
  series    = {LNCS},
volume=909,
pages={170--195},
year=1995,
}

@article{lafont:bool,
author="Yves Lafont",
title="Towards an Algebraic Theory of Boolean Circuits", 
journal="Journal of Pure and Applied Algebra",
volume= 184,
number="2--3",
pages="257--310",
publisher="Elsevier",
year=2003
}

@article{lafont:scedrov:96,
author="Yves Lafont and Andre Scedrov",
title="The Undecidability of Second Order Multiplicative Linear 
Logic",
journal=ic,
volume=125,
pages="46--51",
year=1996,
}

@inproceedings{lahav:lics13,
  author    = {Ori Lahav},
  title     = {From Frame Properties to Hypersequent Rules in Modal Logics},
  booktitle = {28th Annual {ACM/IEEE} Symposium on Logic in Computer Science, {LICS} 2013},
  pages     = {408--417},
  year      = {2013},
}

@techreport{lamarche:essential,
   author =  {Fran\c{c}ois Lamarche},
title="Proof nets for intuitionistic linear logic {I}: {E}ssential nets",
year=1994,
institution="Imperial College, London",
}

@inproceedings{lamarche:95,
   author =  {Fran\c{c}ois Lamarche},
   title =   {Games Semantics for Full Propositional Linear Logic},
   booktitle="Proceedings of the 10th Annual IEEE Symposium on Logic 
   in Computer Science (LICS 95)",
   year =    1995,
   pages = "464-473"
}


@inproceedings{lamarche:96,
    author = {Fran\c{c}ois Lamarche},
    title = {From Proof Nets to Games},
    booktitle = {Electronic Notes in Theoretical Computer Science},
    volume = {3},
    publisher = {Elsevier Science Publishers},
    editor = {Jean-Yves Girard, Mitsuhiro Okada and Andre Scedrov},
    year = {1996}
}

@article{lamarche:gap,
   author =  {Fran\c{c}ois Lamarche},
   title =   {Exploring the gap between linear and classical logic},
   journal=tac,
volume=18,
number=18,
pages="473--535",
   year =    2007,
}
%url={http://www.loria.fr/~lamarche/papers/Gap.pdf},

@unpublished{lamarche:contexts,
   author =  {Fran\c{c}ois Lamarche},
   title =   {On the Algebra of Structural Contexts},
   note = "Accepted at \emph{Mathematical Structures in Computer Science}",
   year =    2001,
}

@inproceedings{lamarche:retore:96,
author =  {Fran\c{c}ois Lamarche and Christian Retor{\'e}},
title = "Proof nets for the {L}ambek-calculus --- an overview",
editor = "V. Michele Abrusci and Claudia Casadio",
booktitle={Proceedings of the Third Roma Workshop "Proofs and Linguistic Categories"},
year=1996,
publisher="CLUEB, Bologna", 
pages="241--262" 
}


@article{lam:str:06:freestar,
   author =  {Fran\c{c}ois Lamarche and Lutz Stra{\ss}burger},
   title =   {From Proof Nets to the Free *-Autonomous Category},
   journal=lmcs,
   volume=2,
number="4:3",
   year =    2006,
pages="1--44",
url = "http://arxiv.org/abs/cs/0605054",
}

@inproceedings{lam:str:05:naming,
   author =  {Fran\c{c}ois Lamarche and Lutz Stra{\ss}burger},
   title =   {Naming Proofs in Classical Propositional Logic},
   booktitle={TLCA'05},
   editor ="Pawe\l\ Urzyczyn",
  series    = {LNCS},
  volume    = {3461},
  publisher = sv,
   pages="246--261",
   year =    2005,
url="http://www.lix.polytechnique.fr/~lutz/papers/namingproofsCL.pdf",
}
%%   booktitle={Typed Lambda Calculi and Applications, TLCA 2005},

@inproceedings{lam:str:05:freebool,
   author =  {Fran\c{c}ois Lamarche and Lutz Stra{\ss}burger},
   title =   {Constructing free {B}oolean categories},
   booktitle = "LICS'05",
   year =    2005,
pages="209--218",
url="http://www.lix.polytechnique.fr/~lutz/papers/FreeBool.pdf",
}
%%   booktitle = "Proceedings of the Twentieth Annual IEEE Symposium on 
%%Logic in Computer Science (LICS'05)",
%. Available on the web at 
%http://ps.uni-sb.de/\char'176lutz/papers/FreeBool.pdf",

@unpublished{classicalPN,
   author =  {Fran\c{c}ois Lamarche and Lutz Stra{\ss}burger},
   title =   {On the Denotation of Proofs in Classical Logic},
   note = "In preparation",
   year =    2004,
}


@article{lambek:58,
   author =  {Joachim Lambek},
   title =   {The Mathematics of Sentence Structure},
   journal = {American Mathematical Monthly},
   volume =  65,
   pages =   {154--169},
   year =    1958,
}

@Article{lambek:61,
  author = 	 {Joachim Lambek},
  title = 	 {How to Program an Infinite Abacus},
  journal = 	 {Canad.\ Math.\ Bull.},
  year = 	 1961,
  volume =	 4,
  number = 3,
  pages =	 {295--302}
}


@InCollection{lambek:calcsynt,
  author =       {Joachim Lambek},
  title =        {On the Calculus of Syntactic Types},
  booktitle =    {Studies of Language and its Mathematical Aspects},
  pages =        {166--178},
  year =         {1961},
   editor = {R.~Jakobson},
  series =       {Proc.\ of the 12th Symp.\ Appl.\ Math.},
}


@article{lambek:68,
author = {Lambek, Joachim},
title = "{Deductive systems and categories. I: Syntactic calculus and
residuated categories}",
   journal = {Math. Systems Theory },
   volume = 2,
   pages = {287-318},
   year = 1968,
}

@inCollection{lambek:69,
   author =    {Joachim Lambek},
   title =     {Deductive systems and categories. {II.} Standard constructions
and closed categories},
   booktitle = {Category Theory, Homology Theory and Applications},
   publisher = {Springer},
   volume = 86,
   series = {Lecture Notes in Mathematics},
   editor = {P.~Hilton},
   year =      1969,
   pages = {76--122},
}


@book{lambek:scott:86,
author="Joachim Lambek and Phil J. Scott",
title="Introduction to higher order categorical logic",
publisher=cup,
year=1986,
series="Cambridge studies in advanced mathematics",
volume=7 
}

@PhdThesis{laurent:phd,
   author =      {Olivier Laurent},
   title =       {Etude de la Polarisation en Logique},
   school =      {Univ. Aix-Marseille II},
   year =        {2002},
}

@InProceedings{laurent:99,
  author    = {Olivier Laurent},
  title     = {Polarized proof-nets: proof-nets for {LC} (Extended Abstract)},
  booktitle = {Typed Lambda Calculi and Applications (TLCA 1999)},
  editor    = {Jean-Yves Girard},
  series    = {LNCS},
  volume    = {1581},
  pages     = {213--227},
  publisher = sv,
  year      = {1999}
}

@Article{laurent:03,
  author  = {Olivier Laurent},
  title   = {Polarized proof-nets and $\lambda\mu$-calculus},
  journal = tcs,
  volume  = {290},
  number  = {1},
  pages   = {161--188},
  year    = {2003}
}

@inproceedings{lawvere:63,
   author = "F. W. Lawvere",
   title =     {Functorial Semantics of Algebraic Theories},
   booktitle = {Proceedings of the National Academy of Sciences, USA},
   pages =     {869--872},
   publisher = {National Academy of Sciences},
   year =      1963,
   volume =    50,
   note =      {Summary of PhD thesis, Columbia University},
}

@article{lawvere:69,
   author = "F. W. Lawvere",
title="Adjointness in Foundations",
journal="Dialectica",
volume=23,
number={3-4},
pages="281-296",
year=1969
}

@inproceedings{lecomte:retore:95,
author="Alain Lecomte and Christian Retor{\'e}",
title="Pomset logic as an alternative categorial grammar",
booktitle="Formal Grammar",
pages="181--196",
year=1995,
editor="Glyn Morrill and Richard Oehle",
}

@incollection{lecomte:retore:98,
author="Alain Lecomte and Christian Retor{\'e}",
title="Words as modules: a lexicalised grammar in the framework of linear logic proof nets", 
booktitle="Mathematical and Computational Analysis of natural Language (selected papers of ICML'96)",
pages="129--144",
year=1998,
editor="Carlos Martin-Vide",
volume=45,
series="Studies in Functional and Structural Linguistics",
publisher="John Benjamins",
}

@book{lemmon:scott:77,
author="Edward John Lemmon and Dana S. Scott",
title="An Introduction to Modal Logic",
publisher="Blackwell, Oxford",
year=1977,
}

@misc{lengrand:termcalc,
author="St\'{e}phane Lengrand",
title="A Term Calculus for Deep Inference",
year=2004,
month="December",
note="On the web at: 
http://www.pps.jussieu.fr/\~{ }lengrand/Work/Reports/DI.ps"
}

@article{lengrand:miquel:07,
  author =       {{St\'ephane} Lengrand and Alexandre Miquel},
  title =        {Classical {$F_\omega$}, orthogonality and symmetric candidates},
  editor        = {Stephen van Bakel and Stefano Berardi},
    journal = {Annals of Pure and Applied Logic},
    publisher = {Elsevier},
    year = 2007,
    note = {Accepted for publication}
}



@inproceedings{leroux:12:turing,
  author    = {J{\'{e}}r{\^{o}}me Leroux},
  title     = {Vector Addition Systems Reachability Problem {(A} Simpler Solution)},
  booktitle = {Turing-100 - The Alan Turing Centenary, Manchester, UK, June 22-25,
               2012},
  pages     = {214--228},
  year      = {2012},
  editor    = {Andrei Voronkov},
  series    = {EPiC Series in Computing},
  volume    = {10},
  publisher = {EasyChair},
}

@inproceedings{leroux:schmitz:15,
  author    = {J{\'{e}}r{\^{o}}me Leroux and
               Sylvain Schmitz},
  title     = {Demystifying Reachability in Vector Addition Systems},
  booktitle = {30th Annual {ACM/IEEE} Symposium on Logic in Computer Science, {LICS}
               2015, Kyoto, Japan, July 6-10, 2015},
  pages     = {56--67},
  year      = {2015},
}

@Article{leroy:09:cacm,
  title =        "Formal verification of a realistic compiler",
  author =       "Xavier Leroy",
  journal =      "Commun. ACM",
  year =         "2009",
  number =       "7",
  volume =       "52",
  pages =        "107--115",
  doi =          "10.1145/1538788.1538814",
}

@inproceedings{leroy:etal:13,
  author    = {Sylvie Boldo and
               Jacques{-}Henri Jourdan and
               Xavier Leroy and
               Guillaume Melquiond},
  title     = {A Formally-Verified {C} Compiler Supporting Floating-Point Arithmetic},
  booktitle = {21st {IEEE} Symposium on Computer Arithmetic, {ARITH} 2013, Austin,
               TX, USA, April 7-10, 2013},
  pages     = {107--115},
  year      = {2013},
  publisher = {{IEEE} Computer Society},
}



@inproceedings{leroy:etal:15,
  author    = {Jacques{-}Henri Jourdan and
               Vincent Laporte and
               Sandrine Blazy and
               Xavier Leroy and
               David Pichardie},
  title     = {A Formally-Verified {C} Static Analyzer},
  booktitle = {Proceedings of the 42nd Annual {ACM} {SIGPLAN-SIGACT} Symposium on
               Principles of Programming Languages, {POPL} 2015, Mumbai, India, January
               15-17, 2015},
  pages     = {247--259},
  year      = {2015},
  editor    = {Sriram K. Rajamani and
               David Walker},
  publisher = {{ACM}},
}

@Book{lloyd:93,
  author = 	"J. W. Lloyd",
  title = 	"Foundations of Logic Programming",
  publisher = 	sv,
  year = 	"1993"}

@INPROCEEDINGS{liang:07:csl,
 AUTHOR = {Chuck Liang and Dale Miller},
 TITLE = {Focusing and Polarization in Intuitionistic Logic},
 BOOKTITLE = {CSL 2007: Computer Science Logic},
 EDITOR = {J. Duparc and T. A. Henzinger},
 VOLUME = {4646},
 SERIES = {LNCS},
 PUBLISHER = {Springer-Verlag},
 PAGES = {451--465},
 KEYWORDS = {mobius, wp4},
 YEAR = {2007},
 URL = {http://www.lix.polytechnique.fr/Labo/Dale.Miller/papers/csl07liang.pdf},
 LIXCATEGORIE = {CIA},
 LIXEQUIPE = {Parsifal}
}

@article{lichtenstein:pnueli:00,
  author    = {Orna Lichtenstein and
               Amir Pnueli},
  title     = {Propositional Temporal Logics: Decidability and Completeness},
  journal   = {Logic Journal of the {IGPL}},
  volume    = {8},
  number    = {1},
  pages     = {55--85},
  year      = {2000},
}

@techreport{lincoln:etal:90,
author="Patrick Lincoln and John Mitchell and Andre Scedrov and Natarajan Shankar",
title="{D}ecision {P}roblems for {P}ropositional {L}inear {L}ogic",
year=1990,
institution ="CSL, SRI International",
number="SRI-CSL-90-08"
}

@article{lincoln:etal:92,
   author =  {P. Lincoln and J. Mitchell and A. Scedrov and N. Shankar},
   title =   {Decision Problems for Propositional Linear Logic},
   journal = {Annals of Pure and Applied Logic},
   year =    1992,
   volume = 56,
   number = {1--3},
   pages = {239--311},
}

@techreport{lipton:76,
author = "Richard J. Lipton",
year= 1976,
title = "The reachability problem requires exponential space",
institution = "Yale University",
number= "Technical Report 63",
}

@inproceedings{lorenzen:59,
author="Paul Lorenzen",
title="Ein dialogisches {K}onstruktivit{\"a}tskriterium",
booktitle="Infinitistic Methods. 
Proceedings of the Symposium on Foundations of Mathematics (Warszawa 1959)",
publisher ="Pergamon Press, Oxford",
year= 1961, 
pages="193--200",
}

@article{lorenz:68,
author="K. Lorenz",
title="Dialogspiele als semantische {G}rundlage von 
{L}ogikkalk{\"u}len",
journal=amlg,
year= 1968, 
volume=11,
pages="32--55; 73--100",
}

@inproceedings{lyaletski:06,
author="Lyaletski, Alexander
and Konev, Boris",
editor="Fisher, Michael
and van der Hoek, Wiebe
and Konev, Boris
and Lisitsa, Alexei",
title="On Herbrand's Theorem for Intuitionistic Logic",
bookTitle="Logics in Artificial Intelligence: 10th European Conference, JELIA 2006 Liverpool, UK",
year="2006",
publisher="Springer Berlin Heidelberg",
pages="293--305",
}

%% MMMMMMMMMMMMM

@article{maclane:63,
author = "{Mac~Lane}, Saunders",
title="Natural associativity and commutativity",
journal="Rice University Studies",
volume=49,
pages="28--46",
year=1963
}

@book{maclane:71,
author = "{Mac~Lane}, Saunders",
title = "Categories for the Working Mathematician",
year = 1971,
publisher = sv,
series = "Graduate Texts in Mathematics",
number = 5
}

@Article{mackey:45,
  author =       {G.~Mackey},
  title =        {On Infinite Dimensional Vector Spaces},
  journal =      {Trans. Amer. Math. Soc.},
  year =         {1945},
  volume =       {57},
  pages =        {155--207},
}

@article{maffezioli:naibo:negri:13,
author = {Maffezioli, Paolo and Naibo, Alberto and Negri, Sara},
title = {The {C}hurch-{F}itch knowability paradox in the light of structural proof theory},
journal = {Synthese},
year = {2013},
volume = {190},
pages = {2677--2716}
}

@article{maraist:etal:95,
author = "John Maraist and Martin Odersky and David N. Turner 
and Philip Wadler",
title = "Call-by-name, call-by-value, call-by-need, and the linear lambda calculus",
journal=entcs,
volume=1,
year = 1995
}

@inproceedings{marin:str:aiml14,
  TITLE = {{Label-free Modular Systems for Classical and Intuitionistic Modal Logics}},
  AUTHOR = {Marin, Sonia and Stra{\ss}burger, Lutz},
  BOOKTITLE = {{Advances in Modal Logic 10}},
  ADDRESS = {Groningen, Netherlands},
  YEAR = {2014},
  MONTH = Aug,
}

@phdthesis{marin:phd,
author = "Sonia Marin",
title = "Modal proof theory through a focused telescope",
school = "Universit\'e Paris-Saclay \& \'Ecole Polytechnique",
year = 2018,
}

@article{martens:niehren:07,
  author    = {W. Martens and
               J. Niehren},
  title     = {On the minimization of {XML} Schemas and tree automata for
               unranked trees},
  journal   = {J. Comput. Syst. Sci.},
  volume    = {73},
  number    = {4},
  year      = {2007},
  pages     = {550--583},
}

@inproceedings{marti-oliet:meseguer:89,
author = "Narciso Marti-Oliet and Jos{\'e} Meseguer",
title = " From Petri nets to linear logic",
booktitle = "Category Theory and Computer Science",
  editor    = {David H. Pitt and
               David E. Rydeheard and
               Peter Dybjer and
               Andrew M. Pitts and
               Axel Poign{\'e}},
   volume =      389,
   year=1989,
  publisher = sv,
  series    = lncs,
} 

@inproceedings{martin-lof:75,
author="Per Martin-L{\"o}f",
title="About models for intuitionistic type theories and 
the notion of definitional equality",
booktitle="Proceedings of the Third Scandinavian Logic Symposium",
publisher=nh,
editor="S. Kangar",
year=1975,
pages="81--109"
}



@inproceedings{mayr:81,
  author    = {Ernst W. Mayr},
  title     = {An Algorithm for the General {P}etri Net Reachability Problem},
  booktitle = {Proceedings of the 13th Annual {ACM} Symposium on Theory of Computing,
               May 11-13, 1981, Milwaukee, Wisconsin, {USA}},
  pages     = {238--246},
  year      = {1981},
  publisher = {{ACM}},
}

@article{mayr:84,
  author    = {Ernst W. Mayr},
  title     = {An Algorithm for the General {P}etri Net Reachability Problem},
  journal   = {{SIAM} J. Comput.},
  volume    = {13},
  number    = {3},
  pages     = {441--460},
  year      = {1984},
}

@InProceedings{mcallester:rosenblitt:91,
author = {David McAllester and David Rosenblitt},
title = {Systematic Nonlinear Planning},
booktitle = {AAAI},
year = 1991,
}

@InCollection{mccarthy:hayes:69,
  author = 	"J. McCarthy and P. J. Hayes",
  title = 	"Some Philosophical Problems from the Standpoint of
		 {A}rtificial {I}ntelligence",
  booktitle = 	"Machine Intelligence 4",
  publisher = 	"Edinburgh University Press",
  year = 	"1969",
  editor = 	"B. Meltzer and D. Michie",
  pages = 	"463 - 502"}

@unpublished{mclaughlin:pfenning:FocIML,
author = "Sean McLaughlin and Frank Pfenning",
title="The Focused Constraint Inverse Method for Intuitionistic Modal Logics",
year = 2010,
note="Draft manuscript",
}

@phdthesis{mckinley:phd,
	Author = {McKinley, Richard},
	url={http://www.cs.bath.ac.uk/~csprim/thesis.pdf},
	School = {University of Bath},
	Title = {Categorical Models of First Order Classical Proofs},
	Year = {2006}}

@inproceedings{mckinley:SD05,
author="Richard McKinley",
title =        {Classical Categories and Deep Inference},
year=2005,
booktitle ="Structures and Deduction 2005 (Satellite Workshop of ICALP'05)",
}

@unpublished{mckinley:frogs,
author="Richard McKinley",
title =        {New bureacracy/coherence},
note="Email to the frogs mailinglist on 2005-06-03, archived at 
\url{http://news.gmane.org/gmane.science.mathematics.frogs}",
year=2005,
}

@unpublished{mckinley:quant,
author="Richard McKinley",
title =        {On {H}erbrand's theorem and cut elimination 
(extended abstract)},
note="preprint",
year=2008,
}

@article{mellies:tarbareau:tensor,
title = "Resource modalities in tensor logic",
journal = "Annals of Pure and Applied Logic",
volume = "161",
number = "5",
pages = "632--653",
year = "2010",
note = "The Third workshop on Games for Logic and Programming Languages (GaLoP), Galop 2008",
issn = "0168-0072",
doi = "DOI: 10.1016/j.apal.2009.07.018",
url = "http://www.sciencedirect.com/science/article/B6TYB-4XDCNWG-1/2/cace39c0d7cf19c961e45ed1615f1b67",
author = "Paul-Andr\'e Melli\`es and Nicolas Tabareau",
}

@article{mendler:scheele:11,
  author    = {Michael Mendler and
               Stephan Scheele},
  title     = {Cut-free {G}entzen calculus for multimodal {CK}},
  journal   = {Inf. Comput.},
  volume    = {209},
  number    = {12},
  year      = {2011},
  pages     = {1465--1490},
}

@Article{metayer:94,
  author =       {Fran\c{c}ois M{\'e}tayer},
  title =        {Homology of Proof Nets},
  journal =      {Archive of Mathematical Logic},
  year =         {1994},
  volume =       {33},
  pages =        {169-188},
}

@unpublished{miller:nancy,
  author =       "Dale Miller",
title= "Communicating and trusting proofs: The case for foundational proof certificates",
note="To appear in the Proceedings of the 14th Congress of Logic, Methodology and Philosophy of Science in Nancy, France, 19--26 July 2011",
year=2011,
} 


@InProceedings{miller:proofcert,
  author =       "Dale Miller",
  title =        "A proposal for broad spectrum proof certificates",
  booktitle =    "CPP: First International Conference on Certified
                 Programs and Proofs",
  year =         "2011",
  editor =       "J.-P. Jouannaud and Z. Shao",
  series =       lncs,
  volume =       "7086",
  pages =        "54--69",
}

@INPROCEEDINGS{miller:07:csla,
 AUTHOR = {Dale Miller and Vivek Nigam},
 TITLE = {Incorporating tables into proofs},
 BOOKTITLE = {CSL 2007: Computer Science Logic},
 EDITOR = {J. Duparc and T. A. Henzinger},
 YEAR = {2007},
 VOLUME = {4646},
 SERIES = {LNCS},
 PUBLISHER = {Springer-Verlag},
 PAGES = {466--480},
 KEYWORDS = {mobius, wp4},
 PDF = {http://www.lix.polytechnique.fr/Labo/Dale.Miller/papers/csl07nigam.pdf},
 LIXCATEGORIE = {CIA},
 LIXEQUIPE = {Parsifal}
}

 @INPROCEEDINGS{miller:07:cslb,
 AUTHOR = {Dale Miller and Alexis Saurin},
 TITLE = {From proofs to focused proofs: a modular proof of
 focalization in Linear Logic},
 BOOKTITLE = {CSL 2007: Computer Science Logic},
 EDITOR = {J. Duparc and T. A. Henzinger},
 VOLUME = {4646},
 SERIES = {LNCS},
 PUBLISHER = {Springer-Verlag},
 PAGES = {405--419},
 YEAR = {2007},
 PDF = {http://www.lix.polytechnique.fr/Labo/Dale.Miller/papers/csl07saurin.pdf},
 LIXCATEGORIE = {CIA},
 LIXEQUIPE = {Parsifal}
}

@article{miller:expansion,
   author =    {Miller, Dale},
   title =     {A Compact Representation of Proofs}, 
journal="Studia Logica", 
Volume= 46, 
Number= 4, 
pages="347--370", 
year=1987
}

@inproceedings{miller:nadathur:88,
   author =  {Dale Miller and Gopalan Nadathur},
   title =   {An Overview of $\lambda${P}rolog},
   booktitle="Fifth International Logic Programming Conference",
   editor="Kenneth A. Bowen and Robert A. Kowalski",
   pages =   {810--827},
   year =    1988,
   publisher="MIT Press",
}

@article{miller:etal:91,
   author =  {Dale Miller and Gopalan Nadathur and Frank 
   Pfenning and Andre Scedrov},
   title =   {Uniform proofs as a foundation for logic programming},
   journal = apal,
   volume =  51,
   pages =   {125--157},
   year =    1991,
}

@inproceedings{miller:92,
   author =    {Miller, Dale},
   title =     {The $\pi$-calculus as a theory in linear logic: 
   preliminary results},
   booktitle = {Workshop on Extensions to Logic Programming},
   editor =    {E. Lamma and P. Mello},
   year = 1992,
   series =      {LNCS}
}

@inproceedings{miller:94,
   author =    {Miller, Dale},
   title =     {A Multiple-Con\-clu\-sion Me\-ta-Log\-ic},
   booktitle = {Ninth Annual IEEE Symp. on Logic in Computer Science},
   editor =    {Abramsky, S.},
   pages =     {272--281},
   address =   {Paris},
   month =     jul,
   year =      1994,
}

@unpublished{miller:95,
   author =    {Miller, Dale},
   title =     "\emph{lambda Prolog: 
   An Introduction to the Language and its Logic}",
   note = {Draft of book},
   year=1995,
}


@article{miller:96,
   author =  {Miller, Dale},
   title =   {Forum: {A} Multiple-Con\-clu\-sion Specification Logic},
   journal = tcs,
   volume =  165,
   pages =   {201--232},
   year =    1996,
}

@inproceedings{miller:tiu:03,
 title="A Proof Theory for Generic Judgments: An extended abstract",
 author="Dale Miller and Alwen Tiu",
 year=2003,
 pages="118--127",
 editor="Phokion Kolaitis",
booktitle="18'th IEEE Symposium on Logic in Computer Science (LICS 2003)",
}


@book{milner:89,
author="Robin Milner",
title="Communication and Concurrency",
year=1989,
series="International Series in Computer Science",
publisher="Prentice Hall",
}

@book{milner:01,
author="Robin Milner",
title="Communicating and Mobile Systems: The $\pi$-Calculus",
year=2001,
publisher=cup
}

@Article{minsky:61,
  author = 	 {Marvin L. Minsky},
  title = 	 {Recursive Unsolvability of {P}ost's Problem of "Tag" and 
  other Topics in Theory of {T}uring Machines},
  journal = 	 {The Annals of Mathematics},
  year = 	 1961,
  volume =	 74,
  number =	 3,
  pages =	 {437--455}
}

@InProceedings{mitchell:etal:92,
  author = 	"D. Mitchell and B. Selman and H. Levesque",
  title = 	"Hard and Easy Distributions of {SAT} Problems",
  booktitle = 	"Proceedings of AAAI-92",
  year = 	"1992",
  pages = 	"459-465"}

@phdthesis{mogbil:phd,
  author    = {Virgile Mogbil},
  title     = {S{\'{e}}mantique des phases, r{\'{e}}seaux de preuve et
               divers probl{\`{e}}mes de d{\'{e}}cision en logique lin{\'{e}}aire.
               (Phase semantics, proof nets and some decision problems in linear
               logic)},
  school    = {University of the Mediterranean, Marseille, France},
  year      = {2001},
}

@Incollection{moortgat:97,
  author = 	"Michael Moortgat",
  title = 	"Categorial Type Logics",
  booktitle = 	"Handbook of Logic and Language",
  editor = "J.~van Benthem and A.~ter Meulen",
  year = 	"1997",
  chapter = 2,
  publisher = el,
  pages = 	"93--176"
}


@phdthesis{moot:phd,
author="Richard Moot",
title="Proof Nets for Linguistic Analysis",
school="Utrecht Institute of Linguistics OTS, Utrecht University",
year=2002,
}

@incollection{mohring:orders,
author={Rolf H.\ M{\"o}hring},
title={Computationally tractable classes of ordered sets},  
booktitle={Algorithms and Order},
publisher=kluwer,
editor={I. Rival},
pages={105--194},
year=1989,
}


%% NNNNNNNNNNNNN

@article{NPP:contextual,
  author    = {Aleksandar Nanevski and
               Frank Pfenning and
               Brigitte Pientka},
  title     = {Contextual modal type theory},
  journal   = tocl,
  volume    = {9},
  number    = {3},
  year      = {2008},
}

@article{negri:05,
        author = {Negri, Sara},
        title = {Proof Analysis in Modal Logics},
        journal = {Journal of Philosophical Logic},
        year = 2005,
        volume = {34},
        pages = {507--544}
}

@article{neumann:25,
author="John von Neumann",
title="Eine {A}xiomatisierung der {M}engenlehre",
journal=jfram,
volume=154,
number=4,
year=1925,
pages="219--240"
}

@article{neumann:28,
author="John von Neumann",
title="{\"U}ber die {D}efinition durch transfinite {I}nduktion und verwandte {F}ragen der allgemeinen {M}engenlehre",
journal=man,
volume=99,
year=1928,
pages="373--391"
}

@article{neumann:29,
author="John von Neumann",
title="{\"U}ber eine {W}iderspruchsfreiheitsfrage der axiomatischen {M}engenlehre",
journal=jfram,
volumr=160,
year=1929,
pages="227--241"
}

@inproceedings{neven:02,
  author    = {Frank Neven},
  title     = {Automata, Logic, and {XML}},
  booktitle = {CSL'02},
  publisher = sv,
  series    = {LNCS},
  volume    = {2471},
  year      = {2002},
  pages     = {2--26},
}

@PhdThesis{nigam:phd,
  author =       "Vivek Nigam",
  title =        "Exploiting non-canonicity in the sequent calculus",
  school =       "Ecole Polytechnique",
  year =         "2009",
}

@InProceedings{nigam:miller:09,
  author =       "Vivek Nigam and Dale Miller",
  title =        "Algorithmic specifications in linear logic with
                 subexponentials",
  booktitle =    "ACM SIGPLAN Conference on Principles and Practice of
                 Declarative Programming (PPDP)",
  editors =      "Ant\'onio Porto and Francisco Javier L\'opez-Fraguas",
  pages =        "129--140",
  year =         "2009",
}

@Book{nipkow:etal:isabelle,
  author =       "Tobias Nipkow and Lawrence C. Paulson and Markus
                 Wenzel",
  title =        "Isabelle/{HOL} --- {A} Proof Assistant for
                 Higher-Order Logic",
  publisher =    "Springer",
  series =       lncs,
  number =       "2283",
  year =         "2002",
}

@article{nov:str:subst,
  author    = {Novak Novakovic and
               Lutz Stra{\ss}burger},
  title     = {On the Power of Substitution in the Calculus of Structures},
  journal   = {{ACM} Trans. Comput. Log.},
  volume    = {16},
  number    = {3},
  pages     = {19},
  year      = {2015},
}

%% OOOOOOOOOOOOO

@article{ochmanski:85,
author = {E. Ochma{\'n}ski},
title = "Regular behaviour of concurrent systems",
journal = "Bull. Europ. Assoc. Theoret. Comput. Sci. (EATCS)",
volume = "27",
pages = "56--67",
year = 1985
}

@article{ohearn:pym:BI,
author="Peter O'Hearn and David Pym",
title="The Logic of Bunched Implications",
journal=bsl,
volume=5,
number=2,
year=1999,
pages="215--244",
}

@inproceedings{ohearn:etal:01,
   author =      {Peter O'Hearn and John Reynolds and Hongseok Yang},
   title =       {Local Reasoning about Programs that Alter Data Structures},
   year =        2001,
   booktitle =   {Computer Science Logic, CSL 2001},
   publisher =   {Springer-Verlag},
   volume =      2142,
   pages =       {1--19},
   editor =      {Laurent Fribourg},
   series =      {LNCS}
}

@article{okada:phase,
author="Mitsuhiro Okada",
title="Phase semantic cut-elimination and normalization proofs of first- and higher-order linear logic",
journal=tcs,
year=1999,
pages="333--396",
}

@article{okada:terui:99,
  author    = {Mitsuhiro Okada and
               Kazushige Terui},
  title     = {The Finite Model Property for Various Fragments of Intuitionistic
               Linear Logic},
  journal   = {J. Symb. Log.},
  volume    = {64},
  number    = {2},
  pages     = {790--802},
  year      = {1999},
}

%% PPPPPPPPPPPPP

@article{padovani:11,
  author    = {Vincent Padovani},
  title     = {Ticket Entailment is decidable},
  journal   = {CoRR},
  volume    = {abs/1106.1875},
  year      = {2011},
  url       = {http://arxiv.org/abs/1106.1875},
  archivePrefix = {arXiv},
  eprint    = {1106.1875},
}

@unpublished{panangaden:quanta,
author="Prakash Panangaden",
title="Using BV to Describe Causal Quantum Evolution",
year="2004",
note="On the web at: http://www.computational-logic.org/\~{}guglielm/p/BVQuantCausEvol.pdf"
}


@inproceedings{parigot:92,
   author =      {Michel Parigot},
   title =       {$\lambda\mu$-calculus: 
An algorithmic interpretation of classical natural deduction},
   year =        1992,
   booktitle =   {LPAR 1992},
   publisher =   {Springer-Verlag},
   volume =      624,
   pages =       {190--201},
   series =      {LNAI}
}
%   booktitle =   {Logic Programming and Automated Reasoning, LPAR 1992},

@article{pelletier:urquhart:03,
author="Francis Jeffry Pelletier and Alasdair Urquhart",
title="Synonymous Logics", 
journal="Journal of Philosophical Logic",
volume= 32,
year= 2003,
pages="259--285"
}

@incollection{perrin:90,
author = {D. Perrin},
title ="{F}inite {A}utomata",
booktitle = "Handbook of Theoretical Computer Science",
volume = "B, Formal Models and Semantics",
chapter = "1",
pages = "1--57",
editor = "J. v. Leeuwen",
publisher = "Elsevier Science Publishers, B.V.",
year = 1990
}

@phdthesis{petri:62,
author = "C. A. Petri",
title="Kommunikation mit Automaten",
year=1962,
type="Dissertation",
school="Universit{\"a}t Bonn",
}

@article{pfenning:00,
author="Frank Pfenning",
title="{S}tructural {C}ut {E}limination {I.} {I}ntuitionistic and 
{C}lassical {L}ogic",
journal=ic,
volume=157,
year=2000,
pages="84--141"
}

@article{pfenning:davies:01,
  author    = {Frank Pfenning and
               Rowan Davies},
  title     = {A judgmental reconstruction of modal logic},
  journal   = {Mathematical Structures in Computer Science},
  volume    = {11},
  number    = {4},
  year      = {2001},
  pages     = {511--540},
}

@InProceedings{plotkin:stirling:86,
author="G. D. Plotkin and C. P. Stirling",
title="A framework for intuitionistic modal logic",
editor="J. Y. Halpern",
booktitle="Theoretical Aspects of Reasoning About Knowledge",
year=1986
}


@InProceedings{poggiolesi:tree,
author="Francesca Poggiolesi",
title="The Method of Tree-Hypersequents for Modal Propositional Logic",
booktitle="Towards Mathematical Philosophy",
volume=28,
year=2009,
pages="31--51",
series="Trends in Logic",
publisher="Springer",
editor="D. Makinson and J. Malinowski and H. Wansing",
}


@InProceedings{pogodalla:98,
  author = 	 {Sylvain Pogodalla},
  title = 	 {Lexicalized Proof Nets in Pomset Logic and \textsc{TAG}s},
  booktitle = 	 {proceedings of Logical Aspects of Computational Linguistics},
  year = 	 {1998},
  editor = 	 {Michael Moortgat},
  volume = 	 {2014},
  series = 	 {LNAI},
  publisher = sv
}
%  month = 	 dec,

@article{pollard:98,
author="Stephen Pollard",
title="Homeomorphism and the Equivalence of Logical Systems", 
journal="Notre Dame Journal of Formal Logic", 
volume=39, 
year=1998,
pages="422--435"
}

@book{poschel:kaluznin:79,
author = {R. P{\"o}schel and L. A. Kalu\v{z}nin},
title= {Funktionen- und Relationenalgebren, Ein Kapitel der Diskreten 
Mathematik},
publisher = {Deutscher Verlag der Wissenschaften, Berlin},
year=1979,
}

@book{post:41,
author = {E. L. Post},
title= {The Two-Valued Iterative Systems of Mathematical Logic},
publisher = {Princeton University Press},
address="Princeton",
year=1941,
}

@book{prawitz:65,
author="Dag Prawitz",
title="Natural Deduction, A Proof-Theoretical Study",
publisher="Almquist and Wiksell",
city="Stockholm",
year=1965
}
 
@article{prawitz:67,
author="Dag Prawitz",
title="Completeness and {H}auptsatz for second-order logic",
journal="Theoria",
volume=33,
year=1967,
pages="246--253"
}

@article{prawitz:68,
author="Dag Prawitz",
title="{H}auptsatz for higher-order logic",
journal=jsl,
volume=33,
year=1967,
pages="452--457"
}

@inproceedings{prawitz:71,
author="Dag Prawitz",
title="Ideas and Results in Proof Theory",
booktitle="Proceedings of the Second Scandinavian Logic Symposium",
publisher=nh,
editor="J. E. Fenstad",
year=1971,
pages="235--307"
}

@phdThesis{puite:phd,
   author = {Quintijn Puite},
   title =  {Sequents and Link Graphs},
   school = {University of Utrecht},
   year =   2001,
}

%% QQQQQQQQQQQQQ

%% RRRRRRRRRRRRR

@phdthesis{ralph:phd,
author="Benjamin Ralph",
title="Modular Normalisation of Classical Proofs",
school="University of Bath",
year="2019",
}

@inproceedings{reilles:06,
	Author = {Reilles, Antoine},
	Booktitle = {6th International Workshop on Rewriting Logic and Its Applications},
	url={http://arxiv.org/pdf/cs.PL/0601019},
	Pages = {165--179},
	Series = {Electronic Notes in Theoretical Computer Science},
	Title = {Canonical Abstract Syntax Trees},
	Volume = {176},
	Year = {2007}}

@Book{reischuk:90,
  author = "K. R. Reischuk",
  title = "Einf{\"u}hrung in die {K}omplexit{\"a}tstheorie",
  publisher = "B.G. Teubner, Stuttgart",
  year = "1990"}

@book{reutenauer:petrinets,
author="Christophe Reutenauer",
title="Aspects math{\'e}matiques des r{\'e}seaux de Petri",
publisher="Masson",
year="1989"
}

@Book{restall:00,
  author = "Greg Restall",
  title = "An Introduction to Substructural Logics",
  publisher = "Routledge",
  year = 2000
}

%was retore:93
@phdthesis{retore:phd,
   author =  {Retor{\'e}, Christian},
   title =   "R{\'e}seaux et S{\'e}quents Ordonn{\'e}s",
   school =  {Universit{\'e} Paris VII},
   year =    1993,
}
%   month =   feb,
%   type =    {Th{\`e}se de {D}octorat, sp{\'e}cialit{\'e} Math{\'e}matiques},

@techReport{retore:94,
   author =      {Christian Retor\'e},
   title =       {A Self-dual Modality for {``Before''} in the Category of
                  Coherence Spaces and in the Category of Hypercoherences},
   institution = {INRIA},
   year =        1994,
   type="Rapport de recherche",
   number =      2432,
}

@article{retore:96:tokyo,
  author    = {Christian Retor{\'e}},
  title     = {Perfect matchings and series-parallel graphs: multiplicatives
               proof nets as R{\&}B-graphs.},
  journal   = entcs,
  volume    = {3},
  year      = {1996},
}

@article{retore:96:lambek,
   author =    {Christian Retor\'e},
   title={Calcul de {L}ambek et Logique Lin{\'e}aire},
   year=1996,
   journal="Traitement Automatique des Langues",
   volume=37,
   number=2,
   pages="39--70"
}

@inproceedings{retore:97,
   author =    {Christian Retor\'e},
   editor =    {Ph.~de~Groote and J.~R.~Hindley},
   booktitle = {Typed Lambda Calculus and Applications, TLCA'97},
   volume =    1210,
   pages =     {300--318},
   series =    {LNCS},
   title =     {Pomset Logic: {A} Non-Commutative Extension of Classical Linear 
                Logic},
   publisher=sv,
   year =      1997
}

@incollection{retore:99,
   author =    {Christian Retor\'e},
   title =     {Pomset Logic as a Calculus of Directed Cographs},
   editor =    {V. M. Abrusci and C. Casadio},
   booktitle = {Dynamic Perspectives in Logic and Linguistics},
   year =      1999,
   publisher = {Bulzoni},
   address =   {Roma},
   pages =     {221--247},
   note =      {Also available as INRIA Rapport de Recherche RR-3714},
}

@techreport{retore:99:b,
   author =    {Christian Retor\'e},
   title={Handsome proof-nets: {R}\&{B}-graphs, perfect matchings and 
   series-parallel graphs},
   year=1999,
   number={3652},
   type="Rapport de recherche",
   institution={INRIA},
   note="Appeared as \cite{retore:03}"
   }

@article{retore:03,
   author =    {Christian Retor\'e},
   title={Handsome proof-nets: perfect matchings and cographs},
   year=2003,
   journal=tcs,
   volume=294,
   number=3,
   pages="473--488"
}

@inproceedings{riche:meyer:CSL98,
  author    = {Jaques Riche and
               Robert K. Meyer},
  title     = {{K}ripke, {B}elnap, {U}rquhart and {R}elevant {D}ecidability {\&} {C}omplexity: "{D}as
               ist nicht {M}athematik, das ist {T}heologie"},
  booktitle = {Computer Science Logic, 12th International Workshop, {CSL} '98, Annual
               Conference of the EACSL, Brno, Czech Republic, August 24-28, 1998,
               Proceedings},
  pages     = {224--240},
  year      = {1998},
  editor    = {Georg Gottlob and
               Etienne Grandjean and
               Katrin Seyr},
  series    = {Lecture Notes in Computer Science},
  volume    = {1584},
  publisher = {Springer},
}


@Article{robinson:65,
  author = "John Alan Robinson",
  title = "A Machine-Oriented Logic based on the Resolution Principle",
  journal = jacm,
  volume = "12",
  pages = "23--41",
  year = "1965"}

@InCollection{robinson:68,
  author = "J. A. Robinson",
  title = "A Generalized Resolution Principle",
  booktitle = "Machine Intelligence 3",
  editor = "D. Michie",
  publisher = "American Elsvier",
  address = "New York",
  pages = "77-94",
  year = "1968"}

@article{robinson:03,
author = {Edmund P. Robinson},
title = "Proof Nets for Classical Logic",
   journal = jlc,
   volume = 13,
   pages = {777--797},
   year = 2003,
}

@Article{rosenthal:Bimod,
  author =       {Kimmo I. Rosenthal},
  title =        {$\ast$-autonomous Categories of Bimodules},
  journal =      jpaa,
  year =         {1994},
  volume =       {97},
  number =       {2},
  pages =        {189--202},
}

@article{ruet:00,
   author =  {Paul Ruet},
   title =   {Non-Commutative Logic {II}: {S}equent Calculus and Phase Semantics},
   journal = mscs,
   year =    2000,
   volume =  10,
   pages =   {277--312},
}

@inproceedings{russo:96,
	author = {Russo, Alessandra},
	title = {Generalising propositional modal logic using labelled deductive systems},
	booktitle = {Proceedings of Frontiers of Combining Systems (FroCoS)},
	year = 1996,
	publisher = {Kluwer Academic Publisher},
	pages = {57--73},
	}

%% SSSSSSSSSSSSS
 % 



@inproceedings{saillard:15,
  author    = {Ronan Saillard},
  title     = {Rewriting Modulo {\(\beta\)} in the {\(\lambda\)}{\(\Pi\)}-Calculus
               Modulo},
  booktitle = {Proceedings Tenth International Workshop on Logical Frameworks and
               Meta Languages: Theory and Practice, {LFMTP} 2015, Berlin, Germany,
               1 August 2015.},
  pages     = {87--101},
  year      = {2015},
  editor    = {Iliano Cervesato and
               Kaustuv Chaudhuri},
  series    = {{EPTCS}},
  volume    = {185},
}

 @INPROCEEDINGS{saurin:07:lpar,
 AUTHOR = {Alexis Saurin},
 TITLE = {Typing streams in the ${\Lambda}\mu$-calculus:
 extended abstract},
 BOOKTITLE = {Proceedings of the Short Papers Session at LPAR 2007},
 MONTH = OCT,
 YEAR = {2007},
 EDITORS = {Nachum Dershowitz, Andrei Voronkov},
 LIXCATEGORIE = {CIA},
 LIXEQUIPE = {Parsifal},
 PDF = {http://www.eleves.ens.fr/home/saurin/Recherche/lpar07saurin.pdf}
}

@article{schmitz:16,
  author    = {Sylvain Schmitz},
  title     = {Implicational Relevance Logic is 2-EXPTIME-Complete},
  journal   = {J. Symb. Log.},
  volume    = {81},
  number    = {2},
  pages     = {641--661},
  year      = {2016},
}

@article{schneck:99,
author ="Robert R. Schneck",
title="Natural deduction and coherence for non-symmetric linearly distributive categories ",
journal=tac,
volume=6,
pages="105-146",
year=1999,
}

@article{schutte:50,
author ={Kurt Sch{\"u}tte},
title="{S}chlu\ss weisen-{K}alk{\"u}le der {P}r{\"a}dikatenlogik",
journal=man,
volume=122,
pages="47--65",
year=1950
}
 
@book{schutte:60,
author ={Kurt Sch{\"u}tte},
title="Beweistheorie",
publisher=sv,
year=1960,
}
 
@article{schutzenberger:61,
author = {M. P. Sch{\"u}tzenberger},
title = "On the definition of a family of automata",
journal = "Inform. And Control",
year = 1961,
volume = 4,
pages = "245--270"
}

@misc{schwichtenberg:02,
author = {Helmut Schwichtenberg},
title = "An arithmetic for polynomial-time computation",
year = 2002,
note="On the web at: 
http://www.mathematik.uni-muenchen.de/\~{ }schwicht/lha02/lha.ps.Z",
}


@article{seely:89,
author={R.A.G. Seely},
title="Linear logic, *-autonomous categories and cofree coalgebras",
journal="Contemporary Mathematics",
volume=92,
year=1989
}

@incollection{seligman:97,
  author = {Jerry Seligman}, 
  year = 1997,
  title = {The logic of correct description},
  editor = {M. de Rijke},
  booktitle = {Advances in Intensional Logic},
  pages = {107--135},
  series = {Applied Logic Series},
  publisher = {Kluwer}
}

@article{selinger:01,
author={Peter Selinger},
title="Control categories and duality: on the categorical semantics of the lambda-mu calculus",
journal=mscs,
volume=11,
year=2001,
pages="207--260"
}


@inproceedings{selman:etal:92,
author = "Bart Selman and Hector Levesque and David Mitchell",
title = "A New Method for Solving Hard Satisfiability Problems",
booktitle = "Proceedings of the Tenth National Conference on Artificial 
Intelligence (AAAI-92)",
year = "1992",
pages = "440--446"
} 

@inproceedings{selman:etal:93,
author = "Bart Selman and Henry A. Kautz and Bram Cohen",
title = "Local Search Strategies for Satisfiability Testing",
booktitle = "Second DIMACS Challenge on Cliques, Coloring, and Satisfiability",
year = "1993",
editor = "M. Tick and D.S. Johnson"
} 

@inproceedings{shapirovsky:AiML10,
author="Ilya Shapirovsky",
title="Simulation of Two Dimensions in Unimodal Logics", 
pages="371--391",
year=2010,
booktitle="Advances in Modal Logic, Volume 8",
editor="Lev Beklemishev and Valentin Goranko and Valentin Shehtman",
publisher="College Publications"
}

@misc{sinclair:99,
author="David Sinclair",
title="Specifying and Verifying {TCP/IP} with Linear Logic",
note="On the web at: http://www.computing.dcu.ie/\~{ }davids/tcpip\_ll.ps",
year=1999
}

@phdthesis{simpson:phd,
author="Alex Simpson",
title="The Proof Theory and Semantics of Intuitionistic Modal Logic",
year="1994",
school = {University of Edinburgh},
}

@inproceedings{simpson:95,
author="Alex Simpson",
title="Categorical completeness results for the simply-typed lambda-calculus",
 booktitle = "Typed Lambda Calculi and Applications, Proceedings TLCA'95", 
publisher=sv,
series=lncs,
volume="902",
pages="414--427", 
year="1995",
editor = {Mariangiola Dezani-Ciancaglini and Gordon D. Plotkin},
}


@Book{smullyan:68,
  author =	 {Raymond M.\ Smullyan},
  title = 	 {First-Order Logic},
  publisher = 	 {Springer-Verlag},
  address =      {Berlin},
  year = 	 1968
}

@misc{sorensen:urzyczyn:99,
author="Morten Heine B. S{\o}rensen  and Pawe{\l} Urzyczyn",
title="Lecture notes on the {C}urry-{H}oward Isomorphism",
note="Lecture Notes of the 11th European Summer School 
in Logic, Language and Information (ESSLLI 99)",
year=1999
}

@article{statman:82,
  author    = {Richard Statman},
  title     = {Completeness, Invariance and lambda-Definability},
  journal   = jsl,
  volume    = {47},
  number    = {1},
  year      = {1982},
  pages     = {17--26},
}

@article{statman:79,
author ={Richard Statman},
title="Intuitionistic propositional logic is polynomial-space complete",
journal=tcs,
volume=9,
number=1,
pages="67--72",
year=1979
}
 
@article{statman:78,
author ={Richard Statman},
title="Bounds for proof-search and speed-up in predicate calculus",
journal=aml,
volume=15,
pages="225--287",
year=1978
}
 
@inproceedings{stewart:stouppa:05,
   author =      {Charles Stewart and Phiniki Stouppa},
   title =       {A Systematic Proof Theory for Several Modal Logics},
   booktitle={Advances in Modal Logic, Volume 5},
EDITOR = {Schmidt, R. A. and Pratt-Hartmann, I. and Reynolds, M. and Wansing, H.},
YEAR = {2005},
PUBLISHER = {King's College Publications},
pages="309--333",
}

@phdthesis{stewart:01,
   author =      {Charles Stewart},
   title =       {On the formulae-as-types correspondence for classical logic},
   school = "Oxford University",
   year =        2001,
   note =        "On the web at: {http://} {www.linearity.org/cas/thesis/}",
}

@article{stouppa:07:S5,
	Author = {Stouppa, Phiniki},
	Journal = {Studia Logica},
	url={http://www.iam.unibe.ch/til/publications/2007/stouppa_07/file/at_download},
	Number = {2},
	Pages = {199--214},
	Title = {A Deep Inference System for the Modal Logic {S5}},
	Volume = {85},
	Year = {2007}}

@mastersthesis{stouppa:msc,
   author =      {Finiki Stouppa},
   title =       {The Design of Modal Proof Theories: the case of {S5}},
   school = tud,
   year =        2004
}


@mastersthesis{strassburger:00,
author = "Lutz Stra{\ss}burger",
title = {Rational Forest Languages and Sequential Forest Transducers},
school = "Technische Universit{\"a}t Dresden",
year = 2000
}
%note="On the web at: http://www.ps.uni-sb.de/\char'176lutz/msthesis.ps",

%techreport{strassburger:01,
%author = "Stra{\ss}burger, Lutz",
%title = "{MELL} in the {C}alculus of {S}tructures",
%number ="WV-01-03",
%institution=tud,
%year = 2001,
%note="To appear in 
%\emph{Theoretical Computer Science}. On the web at: 
%http://www.ki.inf.tu-dresden.de/\~{ }lutz/els.pdf"
%}

@article{str:MELL,
author = "Stra{\ss}burger, Lutz",
title = "{MELL} in the {C}alculus of {S}tructures",
journal=tcs,
volume=309,
number ="1--3",
pages="213--285",
year = 2003,
}
%%url="http://www.lix.polytechnique.fr/~lutz/papers/els.pdf",

@inproceedings{str:02,
   author =      {Lutz {Stra\ss burger}},
   title =       {A Local System for Linear Logic},
   year =        2002,
   booktitle =   {Logic for Programming, Artificial Intelligence, 
   and Reasoning, LPAR 2002},
   publisher =   {Springer-Verlag},
   volume =      2514,
   pages =       {388--402},
   editor =      {Matthias Baaz and Andrei Voronkov},
   series =      {LNAI},
url="http://www.lix.polytechnique.fr/~lutz/papers/LocSysLinLog.pdf",
}

%. On the web at: 
%   http://www.ki.inf.tu-dresden.de/\~{ }lutz/lls.pdf"

@techreport{strassburger:03:tr,
author = "Stra{\ss}burger, Lutz",
title = "The Undecidability of System {NEL}",
number ="WV-03-05",
institution=tud,
year = 2003,
note="On the web at: 
http://www.ki.inf.tu-dresden.de/\~{ }lutz/NELundeci.pdf",
}

@inProceedings{str:WoLLIC03,
   author =    {Stra{\ss}burger, Lutz},
   title =     {System {NEL} Is Undecidable},
   editor =    {De Queiroz, Ruy and Pimentel, Elaine and Figueiredo, Luc{\'\i}lia},
   booktitle = {10th Workshop on Logic, Language, Information and Computation 
                (WoLLIC)},
   series =    {Electronic Notes in Theoretical Computer Science},
   volume =    84,
   pages="166--177",
   year =      2003,
}
%%url="http://www.lix.polytechnique.fr/~lutz/papers/NELundec_wollic03.pdf",

@unpublished{strassburger:FullLL,
author = "Stra{\ss}burger, Lutz",
title = "{F}ull {L}inear {L}ogic in the {C}alculus of {S}tructures",
note="in preparation",
}

@phdthesis{dissvonlutz,
   author =      "Stra{\ss}burger, Lutz",
   title =       {Linear Logic and Noncommutativity in the 
   Calculus of Structures},
   school = tud,
   year =        2003,
}
%url="http://www.lix.polytechnique.fr/~lutz/papers/dissvonlutz.pdf",

%note="On the web at: 
%http://www.ps.uni-sb.de/\~{ }lutz/papers/dissvonlutz.pdf",

@inproceedings{str:lam:04:CSL,
author = "Lutz Stra{\ss}burger and Fran\c{c}ois Lamarche",
title ="On Proof Nets for Multiplicative Linear Logic with Units",
   booktitle =   {Computer Science Logic, CSL 2004},
   publisher =   {Springer-Verlag},
   volume =      3210,
   pages =       {145--159},
   editor =      {Jerzy Marcinkowski and Andrzej Tarlecki},
   series =      {LNCS},
year = 2004,
url="http://www.lix.polytechnique.fr/~lutz/papers/PNforMLLunits.pdf",
}

@incollection{str:05:unilog,
author = "Lutz Stra{\ss}burger",
title ="What is a logic, and what is a proof?",
   booktitle =   {Logica Universalis},
   publisher =   {Birkh\"auser},
   pages =       {135--145},
   editor =      {Jean-Yves Beziau},
year = 2005,
url="http://www.lix.polytechnique.fr/~lutz/papers/WhatLogicProof.pdf",
}

@incollection{str:05:unilog:update,
author = "Lutz Stra{\ss}burger",
title ="What is a logic, and what is a proof?",
booktitle =   {Logica Universalis},
publisher =   {Birkh\"auser},
pages =       {135--145},
editor =      {Jean-Yves Beziau},
year = 2005,
note ="Updated version at 
http://www.ps.uni-sb.de/\~{ }lutz/papers/WhatLogicProof.pdf",
}

@article{str:deepnet,
author = "Lutz Stra{\ss}burger",
title ="From deep inference to proof nets via cut elimination",
year = 2011,
pages = "589--624",
volume = 21,
number = 4,
journal=jlc,
}

%%J Logic Computation (2011) 21 (4): 589-624. doi: 10.1093/logcom/exp047 First published online: August 10, 2009 

@inproceedings{str:SD05,
author = "Lutz Stra{\ss}burger",
title ="From deep inference to proof nets",
year = 2005,
booktitle="Structures and Deduction 2005 --- The Quest for the Essence of Proofs (Satellite Workshop of ICALP'05)",
editor = "Paola Bruscoli and Fran\c{c}ois Lamarche",
url="http://www.lix.polytechnique.fr/~lutz/papers/deepnet-SD05.pdf",
}

@article{str:medial,
author = "Lutz Stra{\ss}burger",
title ="On the Axiomatisation of {B}oolean Categories with and without Medial",
year = 2007,
journal=tac,
volume=18,
number=18,
pages="536--601",
}
%url="http://www.lix.polytechnique.fr/~lutz/papers/medial.pdf",

@inproceedings{str:CLC06,
author = "Lutz Stra{\ss}burger",
title ="What could a Boolean category be?",
year = 2006,
booktitle="Classical Logic and Computation 2006 (Satellite Workshop of ICALP'06)",
editor = "Steffen van Bakel",
url="http://www.lix.polytechnique.fr/~lutz/papers/medial-kurz.pdf"
}

@TechReport{str:esslli06,
author = "Lutz Stra{\ss}burger",
  title =	 {Proof Nets and the Identity of Proofs},
  year =	 2006,
  month =	 10,
  institution =	 {INRIA},
  number =	 6013,
  note =	 "Lecture notes for ESSLLI'06",
  type =	 {Research Report},
  url =		 {https://hal.inria.fr/inria-00107260},
pdf="http://www.lix.polytechnique.fr/~lutz/papers/ESSLLI06notes.pdf",
}

@unpublished{ATS:esslli2019,
author = "Andrea Aler Tubella and Lutz Stra{\ss}burger",
  title =	 {Introduction to Deep Inference},
  year =	 2019,
  note =	 "Lecture notes for ESSLLI'19",
  url =		{https://hal.inria.fr/hal-02390267},
}

@inproceedings{str:07:RTA,
author = "Lutz Stra{\ss}burger",
title ="A Characterisation of Medial as Rewriting Rule",
year = 2007,
pages= "344--358",
booktitle="Term Rewriting and Applications, RTA'07",
editor = "Franz Baader",
url="http://www.lix.polytechnique.fr/~lutz/papers/CharMedial.pdf",
   publisher =  sv,
   volume =     4533,
   series =      {LNCS},
}

@inproceedings{str:07:HyLo,
author = "Lutz Stra{\ss}burger",
title ="Deep Inference for Hybrid Logic",
year = 2007,
booktitle="International Workshop on Hybrid Logic 2007 (Part of ESSLLI'07)",
url="http://www.lix.polytechnique.fr/~lutz/papers/hybrid.pdf",
}

@inproceedings{str:09:LATA,
  author    = {Lutz Stra{\ss}burger},
  title     = {A Kleene Theorem for Forest Languages},
  booktitle = {Language and Automata Theory and Applications, LATA'09},
  year      = {2009},
  pages     = {715--727},
  ee        = {http://dx.doi.org/10.1007/978-3-642-00982-2_61},
  editor    = {Adrian Horia Dediu and
               Armand-Mihai Ionescu and
               Carlos Mart\'{\i}n-Vide},
  publisher = sv,
  series    = lncs,
  volume    = {5457},
}

@inproceedings{str:09:TLCA,
  author    = {Lutz Stra{\ss}burger},
  title     = {Some Observations on the Proof Theory of Second Order Propositional Multiplicative Linear Logic},
  booktitle = {Typed Lambda Calculi and Applications, TLCA'09},
  year      = {2009},
  pages     = {309--324},
  ee        = {http://dx.doi.org/10.1007/978-3-642-02273-9_23},
  editor    = {Pierre-Louis Curien},
  publisher = {Springer},
  series    = lncs,
  volume    = {5608},
}

@inproceedings{str:cie10,
  author    = {Lutz Stra{\ss}burger},
  title     = {What Is the Problem with Proof Nets for Classical Logic?},
  booktitle = {Programs, Proofs, Processes, 6th Conference on Computability
               in Europe, CiE 2010. Proceedings},
  year      = {2010},
  pages     = {406--416},
  editor    = {Fernando Ferreira and
               Benedikt L{\"o}we and
               Elvira Mayordomo and
               Lu\'{\i}s Mendes Gomes},
  publisher = {Springer},
  series    = lncs,
  volume    = {6158},
}

@phdthesis{str:hdr,
   author =  {Lutz Stra{\ss}burger},
   school =  {Universit\'e Paris VII},
   title =   {Towards a Theory of Proofs of Classical Logic},
   type =    {Habilitation \`{a} diriger des recherches},
   year =    2011,
}

@article{str:ext-cut,
   author =  {Lutz Stra{\ss}burger},
   title = "Extension without Cut",
  journal   = apal,
  volume    = {163},
  number    = {12},
  year      = {2012},
  pages     = {1995--2007},
}

@inproceedings{str:fossacs13,
  author    = {Lutz Stra{\ss}burger},
  title     = {Cut Elimination in Nested Sequents for Intuitionistic Modal
               Logics},
  booktitle = {FoSSaCS'13},
  year      = {2013},
  pages     = {209--224},
  editor    = {Frank Pfenning},
  publisher = {Springer},
  series    = {LNCS},
  volume    = {7794},
}



@inproceedings{str:FSCD17,
  author    = {Lutz Stra{\ss}burger},
  title     = {Combinatorial Flows and Their Normalisation},
  booktitle = {2nd International Conference on Formal Structures for Computation
               and Deduction, {FSCD} 2017, September 3-9, 2017, Oxford, {UK}},
  pages     = {31:1--31:17},
  year      = {2017},
  editor    = {Dale Miller},
  series    = {LIPIcs},
  volume    = {84},
  publisher = {Schloss Dagstuhl - Leibniz-Zentrum fuer Informatik},
  isbn      = {978-3-95977-047-7},
}

@techreport{str:RR-9048,
  TITLE = {{Combinatorial Flows and Proof Compression}},
  AUTHOR = {Stra{\ss}burger, Lutz},
  URL = {https://hal.inria.fr/hal-01498468},
  TYPE = {Research Report},
  NUMBER = {RR-9048},
  INSTITUTION = {{Inria Saclay}},
  YEAR = {2017},
}

@techreport{str:RR-9071,
  TITLE = {{Deep Inference, Expansion Trees, and Proof Graphs for Second Order Propositional Multiplicative Linear Logic}},
  AUTHOR = {Stra{\ss}burger, Lutz},
  URL = {https://hal.inria.fr/hal-01526831},
  TYPE = {Research Report},
  NUMBER = {RR-9071},
  INSTITUTION = {{Inria Saclay}},
  YEAR = {2017},
}

@article{str:hilbert24,
   author = {Stra{\ss}burger, Lutz},
   title = {The problem of proof identity, and why computer scientists should care about {H}ilbert's 24th problem},
   journal = {Philosophical Transactions of the Royal Society A},
   volume = {377},
   number = {2140},
   pages = {20180038},
   ISSN = {1364-503X},
   year = {2019},
   type = {Journal Article}
}

@article{streicher:reus:98,
author = "Thomas Streicher and Bernhard Reus",
title="Classical Logic, Continuation Semantics and Abstract Machines",
journal=jfp,
volume=8,
number=6,
year=1998,
pages="543--572"
}
 
@inproceedings{strohmaier:96,
author = "Antje Strohmaier",
title = "Multi-Flip Networks: A Parallelization of local {SAT}-Algorithms",
booktitle = "ECAI'96 Workshop on Advances in Propositional Deduction",
year = "1996",
publisher = "John Wiley \& Sons, Ltd."
}

@phdthesis{strohmaier:97,
author = "Antje Strohmaier",
title = "Logisches Schlie\ss en mit massiv parallelen Methoden",
school = tud,
year = "1997",
publisher = {,,infix'' Sankt Augustin}
}

@article{szabo:75,
author = "M. E. Szabo",
title="Polycategories",
journal="Comm. Alg.",
volume=3,
year=1975,
pages="663--689"
}



%% TTTTTTTTTTTTT

@book{takeuti:75,
author="Gaisi Takeuti",
title="Proof Theory",
publisher=nh,
year=1975,
series="Studies in Logic and the Foundations of Mathematics",
volume=81
}

@InProceedings{tait:68,
author = {W. W. Tait},
title = {Normal derivability in classical logic},
booktitle = {The syntax and Semantics of Infinitary Languages},
editor="Jon Barwise",
year = {1968},
pages = "204--236",
publisher = sv
}

@InProceedings{tate:77,
author = {A. Tate},
title = {Generating Project Networks},
booktitle = {IJCAI},
year = {1977},
pages = "888--893",
publisher = "Morgan Kaufmann Publishers"
}

@book{tesconi:13,
author = "Laura Tesconi",
title = "Essays in structural proof theory",
publisher="ETS",
year=2013,
}

@article{thiele:03,
author = "R{\"u}diger Thiele",
title="Hilbert's Twenty-Fourth Problem",
journal="American Mathematical Monthly",
volume=110,
year=2003,
pages="1--24"
}

@inproceedings{tiu:06:lpar,
	Author = {Tiu, Alwen},
	Booktitle = {LPAR 2006},
	Editor = {M. Hermann and A. Voronkov},
	Keywords = {deep inference},
	url={http://users.rsise.anu.edu.au/~tiu/localint.pdf},
	Pages = {242--256},
	Publisher = {Springer-Verlag},
	Series = {Lecture Notes in Artificial Intelligence},
	Title = {A Local System for Intuitionistic Logic},
	Volume = {4246},
	Year = {2006}}

@mastersthesis{tiu:msc,
author = "Tiu, Alwen Fernanto",
title = "{P}roperties of a {L}ogical {S}ystem in the {C}alculus of {S}tructures",
school = tud,
year = "2001"
}

@article{tiu:SIS-II,
author = "Tiu, Alwen Fernanto",
title = "A System of Interaction and Structure {II}: 
{T}he Need for Deep Inference",
journal=lmcs,
volume=2,
number=2,
pages="1--24",
year = "2006"
}


@techReport{tiu:01,
   author =      {Alwen Fernanto Tiu},
   title =       {Properties of a Logical System in the Calculus of Structures},
   institution = tud,
   year =        2001,
   number =      {WV-01-06},
   note = "On the web at: http://www.cse.psu.edu/\~{ }tiu/thesisc.pdf"
}

@article{thatcher:wright:68,
author = {J. W. Thatcher and J. B. Wright},
title = {Generalized Finite Automata Theory with an Application to a
Decision Problem of Second-Order Logic},
year = 1968,
journal="Math. Systems Theory",
volume=2,
pages="57--81"
}

@phdthesis{thielecke:phd,
author="Hayo Thielecke",
title="Categorical Structure of Continuation Passing Style",
year="1997",
school="University of Edinburgh"
}
 Press},
year=1992,
}
 
@book{troelstra:schwichtenberg:00,
author="Anne Sjerp Troelstra and Helmut Schwichtenberg",
title="Basic Proof Theory",
edition="Second",
publisher=cup,
year=2000
}

@article{tseitin:68,
author="G.~S.~Tseitin",
title="On the complexity of derivation in propositional calculus",
journal="Zapiski Nauchnykh Seminarou LOMI",
volume=8,
pages="234--259",
year=1968,
}

@phdthesis{tubella:phd,
author="Andrea Aler Tubella",
title="A study of normalisation through subatomic logic",
year=2016,
school="University of Bath",
}

@INPROCEEDINGS{tzakova:99,
 AUTHOR = {Miroslava Tzakova},
  EDITOR = {Murray, N. V.},
  TITLE = {Tableau Calculi for Hybrid Logics},
  BOOKTITLE = {Automated Reasoning with Analytic Tableaux and Related Methods, TABLEAUX'99},
  PUBLISHER = sv,
  YEAR = {1999},
  SERIES = {LNAI},
  VOLUME = {1617},
  pages     = {278--292},
}

%% UUUUUUUUUUUUU

@inproceedings{urquhart:90,
author="Urquhart, Alasdair",
editor="Dunn, J. Michael and Gupta, Anil",
title="The Complexity of Decision Procedures in Relevance Logic",
bookTitle="Truth or Consequences: Essays in Honor of Nuel Belnap",
year="1990",
publisher="Springer Netherlands",
address="Dordrecht",
pages="61--76",
}

@article{urquhart:99,
  author    = {Alasdair Urquhart},
  title     = {The Complexity of Decision Procedures In Relevance Logic {II}},
  journal   = {J. Symb. Log.},
  volume    = {64},
  number    = {4},
  pages     = {1774--1802},
  year      = {1999},
}


%% VVVVVVVVVVVVV

@article{vagvolgyi:92,
author = {S\'andor V{\'a}gv\"olgyi},
title = {Top-down tree transducers with two-way tree walking 
look-ahead},
journal = "Theoretical Computer Science",
volume = 93,
year = 1992,
pages = {43--74}
}

@misc{venema:mu,
 author = "Yde Venema",
title="Lectures on the modal $\mu$-calculus",
year=2008,
note="Presented at the 18th European Summer School in Logic, Language and Information",
url="http://philo.ruc.edu.cn/logic/reading/Yde/mu0612.pdf"
}

@book{vigano:00,
	author = {Vigan\`o, Luca},
	title = {Labelled Non-Classical Logic},
	year = 2000,
	publisher = {Kluwer Academic Publisher},
	}
	
%% WWWWWWWWWWWWW
 % 

@article{wadler:00,
author = "Philip Wadler",
title = "19'th Century Logic and 21'st Century Programming 
Languages",
journal="Dr Dobbs",
month="December",
year = 2000
}

@inproceedings{wadler:91,
author = "Philip Wadler",
title = "Is there a use for linear logic?",
booktitle="Partial Evaluation and Semantics-Based Program Manipulation (PEPM)",
publisher="ACM Press",
year = 1991
}

@inproceedings{wadler:92,
author = "Philip Wadler",
title = "There's no substitute for linear logic",
booktitle="8'th International Workshop on the Mathematical Foundations of 
Programming Semantics, Oxford",
year = 1992
}

 
@book{wechler:92,
author = "Wolfgang Wechler",
title = "Universal Algebra for Computer Scientists",
publisher = "Springer Verlag Berlin Heidelberg",
year = 1992
}

@unpublished{weiermann:bunder:06,
author="Andreas Weiermann and Martin Bunder",
title="Ackermannian lower bounds for a combinatorial
problem related to the decidability of certain relevant logics",
note="Unpublished note",
year=2006
}

@article{weld:94,
author = {Daniel S. Weld},
title = {An Introduction to Least Commitment Planning},
journal = {AI Magazine},
year = 1994
}

@article{wijesekera:90,
  author    = {Duminda Wijesekera},
  title     = {Constructive Modal Logics I},
  journal   = {Ann. Pure Appl. Logic},
  volume    = {50},
  number    = {3},
  year      = {1990},
  pages     = {271--301},
  ee        = {http://dx.doi.org/10.1016/0168-0072(90)90059-B},
}

%% XXXXXXXXXXXXX

%% YYYYYYYYYYYYY

@article{yetter:90,
   author =  {David N. Yetter},
   title =   {Quantales and (Noncommutative) Linear Logic},
   journal = {Journal of Symbolic Logic},
   year =    1990,
   volume = 55,
   number = 1,
   pages = {41--64},
}
%% ZZZZZZZZZZZZZ

@article{zermelo:04,
author="E. Zermelo",
title="Beweis, da{\ss} jede {M}enge wohlgeordnet werden kann ({A}us einem an {H}errn {H}ilbert gerichteten {B}riefe)",
journal=man,
volume=59,
year=1904,
pages="514--516"
}

@article{zermelo:07,
author="E. Zermelo",
title="Neuer {B}eweis f{\"u}r die {M}{\"o}glichkeit einer {W}ohlordnung",
journal=man,
volume=65,
year=1907,
number=1,
pages="107--128"
}

@article{zermelo:08,
author="E. Zermelo",
title="{U}ntersuchungen {\"u}ber die {G}rundlagen der {M}engenlehre. {I}.",
journal=man,
volume=65,
year=1908,
pages="261--281"
}

@article{zucker:74,
author="J. Zucker",
title="The Correspondence between Cut-Elimination and 
Normalization",
journal=aml,
volume=7,
year=1974,
pages="1--112",
}

%% sonstiges

@misc{unilog:contest,
key="Unilog",
title="Contest: {H}ow to define identity between logics?",
howpublished="\emph{1st World Congress and School on Universal Logic}",
year=2005,
note="On the web at \url{http://www.uni-log.org/one2.html}",
}


