@IEEEtranBSTCTL{refs:BSTcontrol,
  CTLdash_repeated_names = "no"
}

@string{man = "Mathematische Annalen"}
@string{jacm = "Journal of the ACM"}
@string{mscs = "Math.\ Structures in Comp.\ Science"}
@string{tud = "Tech\-ni\-sche Uni\-ver\-si\-t{\"a}t Dres\-den"}
@string{ tocl = "ACM Transactions on Computational Logic"}

@inproceedings{acc:str:18,
  title = {From {S}yntactic {P}roofs to {C}ombinatorial {P}roofs},
  author = {Matteo Acclavio and Lutz Stra{\ss}burger},
  booktitle = {Automated Reasoning - 9th International Joint Conference, {IJCAR}
               2018, Held as Part of the Federated Logic Conference, FloC 2018, Oxford,
               UK, July 14-17, 2018, Proceedings},
  pages = {481--497},
  year = {2018},
  editor = {Didier Galmiche and Stephan Schulz and Roberto Sebastiani},
  volume = {10900},
  publisher = {Springer},
}

@inproceedings{acc:str:relevant,
  title = {On {C}ombinatorial {P}roofs for {L}ogics of {R}elevance and {E}ntailment},
  author = {Matteo Acclavio and Lutz Stra{\ss}burger},
  booktitle = {26th Workshop on Logic, Language, Information and Computation (WoLLIC 2019)},
  year = {2019},
  editor = {Rosalie Iemhoff and Michael Moortgat},
  publisher = {Springer},
  }

@inproceedings{acc:str:modal,
  title = {On {C}ombinatorial {P}roofs for {M}odal {L}ogic},
  author = {Matteo Acclavio and Lutz Stra{\ss}burger},
  booktitle = {International Conference on Automated Reasoning with Analytic Tableaux and Related Methods},
  pages = {223--240},
  year = {2019},
  organization = {Springer}
}

@article{alertubella:guglielmi:18,
  title = {Subatomic {P}roof {S}ystems: {S}plittable {S}ystems},
  author = {Andrea Aler Tubella and Alessio Guglielmi},
  journal = {ACM Transactions on Computational Logic (TOCL)},
  volume = {19},
  number = {1},
  pages = {1--33},
  year = {2018},
  publisher = {ACM New York, NY, USA}
}

@article{bellin:97,
  title = {Subnets of {P}roof-nets in {M}ultiplicative {L}inear {L}ogic with
{MIX}},
  author = {Gianluigi Bellin},
  journal = {Mathematical Structures in Computer Science},
  volume = {7},
  number = {6},
  pages = {663--699},
  year = {1997}
}

@phdthesis{brunnler:phd,
  title = {Deep {I}nference and {S}ymmetry for {C}lassical {P}roofs},
  author = {Kai Br{\"u}nnler},
  school = tud,
  year = {2003}
}

@article{brunnler:06:locality,
  title = {Locality for {C}lassical {L}ogic},
  author = {Kai Br{\"u}nnler},
  journal = {Notre Dame Journal of Formal Logic},
  url = {http://www.iam.unibe.ch/~kai/Papers/LocalityClassical.pdf},
  number = {4},
  pages = {557--580},
  volume = {47},
  year = {2006}
}

@article{brunnler:06:herbrand, 
author = {Kai Br{\"u}nnler}, 
title = {Cut {E}limination {I}nside a {D}eep {I}nference {S}ystem for
{C}lassical {P}redicate {L}ogic}, 
year = 2006, 
number = 1, 
journal = {Studia Logica}, 
volume = 82, 
pages = "51--71"
}

@inproceedings{brunnler:tiu:01,
  title = {A {L}ocal {S}ystem for {C}lassical {L}ogic},
  author = {Br{\"u}nnler, Kai and Tiu, Alwen Fernanto},
  booktitle = {International Conference on Logic for Programming Artificial Intelligence and Reasoning},
  pages = {347--361},
  year = {2001},
  organization = {Springer}
}

@inproceedings{DSAV:15lean,
  title = {The {L}ean {T}heorem {P}rover ({S}ystem {D}escription)},
  author = {Leonardo de Moura and Soonho Kong and Jeremy Avigad and Floris Van
            Doorn and Jakob von Raumer},
  booktitle = {International Conference on Automated Deduction},
  pages = {378--388},
  year = {2015},
  organization = {Springer}
}

@article{duffin:65,
  title={Topology of {S}eries-parallel {N}etworks},
  author={Richard James Duffin},
  journal={Journal of Mathematical Analysis and Applications},
  volume={10},
  number={2},
  pages={303--318},
  year={1965},
  publisher={Academic Press}
}

@article{fleury:retore:94,
  title = {The {M}ix {R}ule},
  author = {Arnaud Fleury and Christian Retor\'e},
  journal = mscs,
  year = {1994},
  volume = {4},
  number = {2},
  pages = {273--285}
}

@book{frege:79,
  title = {Begriffsschrift},
  author = {G. Frege},
  publisher = {Louis Nebert, Halle},
  year = {1879},
  note = {{E}nglish Translation in: J.\ van Heijenoort (ed.), 
  From Frege to G{\"o}del, Harvard University Press: 1977}
}

@article{gentzen:35:I,
  title = {Untersuchungen {\"u}ber das logische {S}chlie{\ss}en. {I}.},
  author = {Gerhard Gentzen},
  journal = {Mathematische Zeitschrift},
  year = {1935},
  volume = {39},
  pages = {176--210}
}

@article{gentzen:35:II,
  title = {Untersuchungen {\"u}ber das logische {S}chlie{\ss}en. {II}.},
  author = {Gerhard Gentzen},
  journal = {Mathematische Zeitschrift},
  year = {1935},
  volume = {39},
  pages = {405--431}
}

@article{girard:87,
  title = {Linear {L}ogic},
  author = {Girard, Jean-Yves},
  journal = tcs,
  year = {1987},
  volume = {50},
  pages = {1--102},
}

@article{girard:88,
  title={Quantifiers in {L}inear {L}ogic},
  author={Jean-Yves Girard},
  journal={Temi e prospettive della logica e della filosofia della scienza comtemporanee},
  volume={1},
  pages={95--130},
  year={1988},
  publisher={CLUEB, Bologna, Italy}
}

@inproceedings{girard:96:PN,
  title = {Proof-nets: {T}he {P}arallel {S}yntax for {P}roof-theory},
  author = {Jean-Yves Girard},
  booktitle = {Logic and Algebra},
  publisher = {Marcel Dekker, New York},
  editor = {Aldo Ursini and Paolo Agliano},
  year = {1996}
}

@inproceedings{gug:str:01,
  title = {Non-commutativity and {MELL} in {T}he {C}alculus of {S}tructures},
  author = {Alessio Guglielmi and Lutz Stra{\ss}burger},
  year = {2001},
  booktitle = {Computer Science Logic, CSL 2001},
  publisher = {Springer-Verlag},
  volume = {2142},
  pages = {54--68},
  editor = {Laurent Fribourg},
  series = {LNCS}
}

@article{gug:SIS,
  title = {A {S}ystem of {I}nteraction and {S}tructure},
  author = {Guglielmi, Alessio},
  journal = tocl,
  number = {1},
  volume = {8},
  year = {2007},
  pages = {1--64}
}

@PhdThesis{herbrand:phd,
  title = {Recherches sur la {T}h{\'e}orie de la {D}{\'e}monstration},
  author = {Jacques Herbrand},
  year = {1930},
  school = {University of Paris},
}

@inproceedings{HHS:lics19,
  title = {Intuitionistic {P}roofs {W}ithout {S}yntax},
  author = {Willem Heijltjes and Dominic Hughes and Lutz Stra{\ss}burger},
  booktitle = {2019 34th Annual ACM/IEEE Symposium on Logic in Computer Science (LICS)},
  pages = {1--13},
  year = {2019},
  organization = {IEEE}
}

@article{hilbert:00,
  title = {{M}athematische {P}robleme},
  author = {David Hilbert},
  journal = {Nachrichten der K{\"o}niglichen Gesellschaft der Wissenschaften zu
	  G{\"o}ttingen, mathematisch-physikalische {K}lasse},
  volume = {3},
  year = {1900},
  pages = {253--297},
}

@article{hilbert:22,
  title = {Die logischen {G}rundlagen der {M}athematik},
  author = {David Hilbert},
  year = {1922},
  journal = man,
  volume = {88},
  pages = {151--165}
}

@article{hughes:pws,
  title = {Proofs {W}ithout {S}yntax},
  author = {Dominic Hughes},
  journal = {Annals of Mathematics},
  year = {2006},
  volume = {164},
  number = {3},
  pages = {1065--1076}
}

@article{hughes:invar,
  title = {Towards {H}ilbert's 24th {P}roblem: {C}ombinatorial {P}roof {I}nvariants:(preliminary version)},
  author = {Dominic Hughes},
  journal = {Electronic Notes in Theoretical Computer Science},
  volume = {165},
  pages = {37--63},
  year = {2006},
  publisher = {Elsevier}
}

@inproceedings{hughes:unifn,
  title = {Unification {N}ets: {C}anonical {P}roof {N}et {Q}uantifiers},
  author = {Dominic Hughes},
  booktitle = {Proceedings of the 33rd Annual ACM/IEEE Symposium on Logic in Computer Science},
  pages = {540--549},
  year = {2018}
}

@article{hughes:fopws,
  title = {First-order {P}roofs {W}ithout {S}yntax},
  author = {Dominic Hughes},
  journal = {arXiv preprint arXiv:1906.11236},
  year = {2019}
}

@article{paulson:isabelle,
  title={Isabelle: {T}he {N}ext 700 {T}heorem {P}rovers},
  author={Paulson, Lawrence C},
  journal={arXiv preprint cs/9301106},
  year={2000}
}

@phdthesis{ralph:phd,
  title = {Modular {N}ormalisation of {C}lassical {P}roofs},
  author = {Benjamin Ralph},
  school = {University of Bath},
  year = {2019},
}

@inproceedings{str:ral:tableaux19,
  title = {Towards a {C}ombinatorial {P}roof {T}heory},
  author = {Benjamin Ralph and Lutz Stra{\ss}burger},
  booktitle = {International Conference on Automated Reasoning with Analytic Tableaux and Related Methods},
  pages = {259--276},
  year = {2019},
  organization = {Springer}
}

@article{retore:03,
  title = {Handsome {P}roof-nets: {P}erfect {M}atchings and {C}ographs},
  author = {Retor{\'e}, Christian},
  journal = {Theoretical Computer Science},
  volume = {294},
  number = {3},
  pages = {473--488},
  year = {2003},
  publisher = {Elsevier}
}

@article{robinson:65,
  title = {A {M}achine-{O}riented {L}ogic {B}ased on the {R}esolution {P}rinciple},
  author = {John Alan Robinson},
  journal = jacm,
  volume = {12},
  pages = {23--41},
  year = {1965}
}

@book{smullyan:68,
  title = {First-{O}rder {L}ogic}, 
  author = {Raymond M.\ Smullyan},
  publisher = {Springer-Verlag},
  address = {Berlin},
  year = {1968}
}

@phdthesis{dissvonlutz,
  title = {Linear Logic and {N}oncommutativity in the {C}alculus of {S}tructures},
  author = {Lutz Stra{\ss}burger},
  school = tud,
  year = {2003},
}

@inproceedings{str:07:RTA,
  title = {A {C}haracterization of {M}edial as {R}ewriting {R}ule},
  author = {Lutz Stra{\ss}burger},
  booktitle = {International Conference on Rewriting Techniques and Applications},
  pages = {344--358},
  year = {2007},
  organization = {Springer}
}

@inproceedings{str:fscd17,
  title = {Combinatorial {F}lows and {T}heir {N}ormalisation},
  author = {Lutz Stra{\ss}burger},
  booktitle = {2nd International Conference on Formal Structures for Computation and Deduction (FSCD 2017)},
  year = {2017},
  organization = {Schloss Dagstuhl-Leibniz-Zentrum fuer Informatik}
}

@techreport{str:RR-9048,
  title = {{Combinatorial {F}lows and {P}roof {C}ompression}},
  author = {Lutz Stra{\ss}burger},
  url = {https://hal.inria.fr/hal-01498468},
  type = {Research Report},
  number = {RR-9048},
  institution = {{Inria Saclay}},
  year = {2017}
}


@article{str:hilbert:24,
  title = {The {P}roblem of {P}roof {I}dentity, and {W}hy {C}omputer {S}cientists
	  {S}hould {C}are {A}bout {H}ilbert's 24th {P}roblem},
  author = {Lutz Stra{\ss}burger},
  journal = {Philosophical Transactions of the Royal Society A},
  volume = {377},
  number = {2140},
  pages = {20180038},
  ISSN = {1364-503X},
  year = {2019},
  type = {Journal Article}
}

@article{thiele:03,
  title = {Hilbert's {T}wenty-fourth {P}roblem},
  author = {R{\"u}diger Thiele},
  journal = {American Mathematical Monthly},
  volume = {110},
  year = {2003},
  pages = {1--24}
}

@book{TS:00,
  title={Basic {P}roof {T}heory},
  author={Anne Sjerp Troelstra and Helmut Schwichtenberg},
  number={43},
  year={2000},
  publisher={Cambridge University Press}
}
